Regisoft Contabilidad y Gestión;;;;;;;;;;;;Pág. 1 / 1;;
;;;;;;;;;;;;;;
;;;;;;;;;;;;;;
;;;;;;;;;;;;;;
EPL CONSULTORES SRL, Av. Dr. Honorio Pueyrredon 328 - Dto:8, 1405 CABA, Capital.  Responsable Inscripto 30-71193999-3;;;;;;;;;;;;;;
;;;;;;;;;;;;;;
Libro Mayor;;;;;;;;;;;;;;
Desde  01/01/2026  hasta  31/12/2026;;;;;;;;;;;;;;
;;;;;;;;;;;;;;
;;;;;;;;;;;;;;
01.01.01.01 - CAJA (A);;;;;;;;;;;;;;
Asiento Nş;;;Fecha;Concepto;;;Debe;;Haber;;Saldo;;;
      1);;;01/01/26;Automático: Asiento de Inicio;;;2.724.884,40;;;;2.724.884,40;;;
      68);;;05/01/26;Retenciones Ganancias;;;;;66.894,63;;2.657.989,77;;;
      74);;;06/01/26;Retiro Efectivo Cheque 1006 y 1007;;;2.650.000,00;;;;5.307.989,77;;;
      87);;;09/01/26;Pagos: s/ O.Pago Nş6246 - SCHNEIDER ALAN NICOLAS;;;;;53.006,88;;5.254.982,89;;;
      88);;;09/01/26;Pagos: s/ O.Pago Nş6247 - OSDE ORGANIZACION DE SERVICIOS DIRECTOS;;;;;12.639,35;;5.242.343,54;;;
      89);;;09/01/26;Pagos: s/ O.Pago Nş6251 - ENCODE S.A.;;;;;87.120,00;;5.155.223,54;;;
      99);;;13/01/26;Pagos: s/ O.Pago Nş6245 - DINAMICA COMERCIAL  SRL;;;;;16.000,00;;5.139.223,54;;;
      120);;;16/01/26;Pagos: s/ O.Pago Nş6242 - CAMARA DE EMPRESAS DE SOFTWARE Y SERVICIOS INF;;;;;60.000,00;;5.079.223,54;;;
      207);;;31/01/26;Pagos: s/ O.Pago Nş6262 - TELEFONICA MOVILES ARGENT;;;;;263,70;;5.078.959,84;;;
      317);;;24/02/26;Pagos: s/ O.Pago Nş6243 - CONTATECH;;;;;76.230,00;;5.002.729,84;;;
      400);;;05/03/26;Pagos: s/ O.Pago Nş6256 - YOMHA DANTE;;;;;800.000,00;;4.202.729,84;;;
      443);;;13/03/26;Pagos: s/ O.Pago Nş6252 - YOMHA GALILEO;;;;;3.300.000,00;;902.729,84;;;
      480);;;25/03/26;Pagos: s/ O.Pago Nş6171 - YOMHA FRANCO;;;;;715.000,00;;187.729,84;;;
      481);;;25/03/26;Retiro Efectivo Cheque 1327 y 1328;;;1.000.000,00;;;;1.187.729,84;;;
      482);;;25/03/26;Extraccion de efectivo;;;1.000,00;;;;1.188.729,84;;;
      519);;;31/03/26;Pagos: s/ O.Pago Nş6254 - YOMHA FRANCO;;;;;2.500.000,00;;-1.311.270,16;;;
      525);;;31/03/26;Reclasificacion de cuentas de impuestos;;;;;608.459,59;;-1.919.729,75;;;
      526);;;31/03/26;Pago proveedores;;;;;2.019.064,83;;-3.938.794,58;;;
      585);;;01/04/26;Pagos: s/ O.Pago Nş6244 - CRAVERO NEGOCIOS S.A.;;;;;27.126,51;;-3.965.921,09;;;
      594);;;06/04/26;Aporte Socios Lucas Eiros y Gonzalo Eiros;;;20.000.000,00;;;;16.034.078,91;;;
      605);;;08/04/26;Pagos: s/ O.Pago Nş6257 - YOMHA DANTE;;;;;11.600.000,00;;4.434.078,91;;;
      630);;;14/04/26;Pagos: s/ O.Pago Nş6255 - YOMHA FRANCO;;;;;5.800.000,00;;-1.365.921,09;;;
      633);;;15/04/26;Extraccion de efectivo;;;7.000.000,00;;;;5.634.078,91;;;
      642);;;18/04/26;Intereses Negativos a Devengar PFP Afip;;;;;800,00;;5.633.278,91;;;
      669);;;27/04/26;Pagos: s/ O.Pago Nş6253 - YOMHA GALILEO;;;;;800.000,00;;4.833.278,91;;;
      679);;;28/04/26;Extraccion de efectivo;;;3.000.000,00;;;;7.833.278,91;;;
      710);;;30/04/26;Pagos: s/ O.Pago Nş6250 - CONTATECH;;;;;39.930,00;;7.793.348,91;;;
      719);;;30/04/26;Pagos: s/ O.Pago Nş6263 - GOLAWARE S.R.L.;;;;;2,15;;7.793.346,76;;;
      734);;;04/05/26;Movimientos Banco Santander;;;8.000.000,00;;;;15.793.346,76;;;
      786);;;09/05/26;Deposito en Efectivo;;;;;100,00;;15.793.246,76;;;
      797);;;12/05/26;Cierre de Cuenta Galicia-Decision Comercial Galicia;;;6.087.486,32;;;;21.880.733,08;;;
;;;;;;;50.463.370,72;;28.582.637,64;;;;;
;;;;;;;;;;;;;;
01.01.01.02 - BANCO SANTANDER RIO (A);;;;;;;;;;;;;;
Asiento Nş;;;Fecha;Concepto;;;Debe;;Haber;;Saldo;;;
      1);;;01/01/26;Automático: Asiento de Inicio;;;2.222.157,32;;;;2.222.157,32;;;
      41);;;02/01/26;Pago Autonomos Socio Gerente;;;;;122.460,30;;2.099.697,02;;;
      42);;;02/01/26;Transfrencia entre cuentas;;;;;30.000,00;;2.069.697,02;;;
      43);;;02/01/26;Transfrencia entre cuentas;;;;;60.000,00;;2.009.697,02;;;
      44);;;02/01/26;Transfrencia entre cuentas;;;;;2.850.000,00;;-840.302,98;;;
      53);;;02/01/26;S/Retiros de Socios;;;;;4.000.000,00;;-4.840.302,98;;;
      58);;;02/01/26;Pagos: s/ O.Pago Nş6260 - BANCO SANTANDER RIO SA;;;;;2.266.221,72;;-7.106.524,70;;;
      63);;;05/01/26;Pago Tarjeta de Credito;;;;;4.215.930,00;;-11.322.454,70;;;
      65);;;05/01/26;Pagos: s/ O.Pago Nş6147 - BANCO SANTANDER RIO SA;;;;;169.575,96;;-11.492.030,66;;;
      66);;;05/01/26;Pago Prestamo 0197-039100721104;;;;;782.759,14;;-12.274.789,80;;;
      71);;;06/01/26;(Cheque 1475) Pago Plan de Pago Sindicato;;;;;832.000,00;;-13.106.789,80;;;
      72);;;06/01/26;Pagos: s/ O.Pago Nş6148 - BANCO SANTANDER RIO SA;;;;;1.213.596,78;;-14.320.386,58;;;
      73);;;06/01/26;Pago Prestamo 0197-039100897649;;;;;613.888,89;;-14.934.275,47;;;
      74);;;06/01/26;Retiro Efectivo Cheque 1006 y 1007;;;;;2.650.000,00;;-17.584.275,47;;;
      75);;;07/01/26;Cobros: s/ Rec. Nş2093 - OS PRENSA ROSARIO;;;2.021.306,26;;;;-15.562.969,21;;;
      76);;;07/01/26;Pago de Haberes;;;;;8.587.362,00;;-24.150.331,21;;;
      77);;;08/01/26;Cobros: s/ Rec. Nş2097 - OSPERYHRA;;;544.596,15;;;;-23.605.735,06;;;
      78);;;09/01/26;Pagos: s/ O.Pago Nş6093 - TELEFONICA MOVILES ARGENT;;;;;160.671,83;;-23.766.406,89;;;
      79);;;09/01/26;Pagos: s/ O.Pago Nş6095 - CESAR AUGUSTO ARCARO MALITO;;;;;4.606.646,78;;-28.373.053,67;;;
      80);;;09/01/26;Cobros: s/ Rec. Nş2095 - O.S. DEL PER. DEL JOCKEY CLUB DE ROSARIO;;;3.225.871,77;;;;-25.147.181,90;;;
      82);;;09/01/26;Pago Obra Social-SCVO 2025-11;;;;;2.573.008,62;;-27.720.190,52;;;
      83);;;09/01/26;Pagos: s/ O.Pago Nş6149 - BANCO SANTANDER RIO SA;;;;;268.620,03;;-27.988.810,55;;;
      84);;;09/01/26;Pago Prestamo 0197-039100866063;;;;;909.401,19;;-28.898.211,74;;;
      85);;;09/01/26;Gasto Personal OSDE;;;;;1.391.614,39;;-30.289.826,13;;;
      86);;;09/01/26;Pagos: s/ O.Pago Nş6094 - LUCIANO ORSI;;;;;2.516.613,00;;-32.806.439,13;;;
      91);;;12/01/26;(Pascale) Beneficio Soledad Pascale;;;;;204.378,66;;-33.010.817,79;;;
      92);;;12/01/26;Gastos de Prepaga Swiss 2026/01;;;;;97.343,07;;-33.108.160,86;;;
      93);;;12/01/26;Aporte Lucas Eiros;;;7.200.000,00;;;;-25.908.160,86;;;
      94);;;12/01/26;V066516 - Cuota 2.071.918,23 (Pago Cuota 1);;;;;2.294.131,46;;-28.202.292,32;;;
      95);;;12/01/26;V113915 - Cuota 3.733.998,24 (Pago Cuota 1);;;;;4.031.784,60;;-32.234.076,92;;;
      96);;;13/01/26;Pagos: s/ O.Pago Nş6085 - CANDIA DOMINGUEZ LUCIA BELEN;;;;;295.480,00;;-32.529.556,92;;;
      97);;;13/01/26;Cobros: s/ Rec. Nş2096 - ASSISTENCIAL SALUD S.A.;;;3.354.439,34;;;;-29.175.117,58;;;
      100);;;14/01/26;Transfrencia entre cuentas;;;;;30.000,00;;-29.205.117,58;;;
      101);;;14/01/26;Pagos: s/ O.Pago Nş6150 - BANCO SANTANDER RIO SA;;;;;434.457,58;;-29.639.575,16;;;
      102);;;14/01/26;Pago Prestamo 0197-039100828171;;;;;663.255,06;;-30.302.830,22;;;
      103);;;15/01/26;Cobros: s/ Rec. Nş2098 - MEDICAL SERVICIOS DE SALUD SRL;;;2.048.929,20;;;;-28.253.901,02;;;
      109);;;16/01/26;Cobros: s/ Rec. Nş2099 - OBRA SOCIAL DEL PERSONAL MUNICIPAL DE AVELLANEDA;;;5.868.500,00;;;;-22.385.401,02;;;
      110);;;16/01/26;(Pascale) Beneficio Soledad Pascale;;;;;119.242,36;;-22.504.643,38;;;
      111);;;16/01/26;Transfrencia entre cuentas;;;;;3.250.000,00;;-25.754.643,38;;;
      112);;;16/01/26;Pago Convenio Dic.2025;;;;;67.647,67;;-25.822.291,05;;;
      113);;;16/01/26;V293237 - Pago Cuota 2;;;;;1.808.495,28;;-27.630.786,33;;;
      114);;;16/01/26;V114140 PAgo Cuota 4;;;;;450.049,77;;-28.080.836,10;;;
      115);;;16/01/26;V293428 - Pago Cuota 2;;;;;216.835,52;;-28.297.671,62;;;
      117);;;16/01/26;Pago de Deuda Sindical Inacap;;;;;279.804,98;;-28.577.476,60;;;
      121);;;19/01/26;Pagos: s/ O.Pago Nş6075 - NUBI S.A.;;;;;130.487,30;;-28.707.963,90;;;
      122);;;19/01/26;Pagos: s/ O.Pago Nş6076 - SACCOL EMILIANO;;;;;191.785,00;;-28.899.748,90;;;
      123);;;19/01/26;Cobros: s/ Rec. Nş2100 - OSPERYH;;;39.329.113,05;;;;10.429.364,15;;;
      126);;;19/01/26;Pago de Haberes;;;;;8.183.911,00;;2.245.453,15;;;
      127);;;19/01/26;Transfrencia entre cuentas;;;;;1.626.000,00;;619.453,15;;;
      128);;;19/01/26;Transfrencia entre cuentas;;;;;50.000,00;;569.453,15;;;
      129);;;19/01/26;Por Beneficios al personal;;;;;177.039,85;;392.413,30;;;
      132);;;20/01/26;Pagos: s/ O.Pago Nş6078 - DANIELA ALEJANDRA VAZQUEZ;;;;;1.500.000,00;;-1.107.586,70;;;
      133);;;20/01/26;Pagos: s/ O.Pago Nş6079 - ANDREACCHIO RODOLFO;;;;;900.000,00;;-2.007.586,70;;;
      134);;;20/01/26;Pagos: s/ O.Pago Nş6082 - RODRIGUEZ PILAR;;;;;1.783.000,00;;-3.790.586,70;;;
      135);;;20/01/26;Pagos: s/ O.Pago Nş6084 - WNS & ASOCIADOS S.R.L.;;;;;2.076.239,00;;-5.866.825,70;;;
      136);;;20/01/26;Pagos: s/ O.Pago Nş6097 - MARIA SOLEDAD PASCALE;;;;;2.500.000,00;;-8.366.825,70;;;
      137);;;20/01/26;Pagos: s/ O.Pago Nş6099 - FABIOLA LANDIN;;;;;726.000,00;;-9.092.825,70;;;
      138);;;20/01/26;Pagos: s/ O.Pago Nş6101 - CESAR AUGUSTO ARCARO MALITO;;;;;1.316.250,00;;-10.409.075,70;;;
      139);;;20/01/26;Pagos: s/ O.Pago Nş6102 - MORABITO FEDERICO JAVIER;;;;;216.500,00;;-10.625.575,70;;;
      140);;;20/01/26;Cobros: s/ Rec. Nş2101 - OSPILM;;;11.718.334,44;;;;1.092.758,74;;;
      141);;;20/01/26;Cobros: s/ Rec. Nş2102 - FATERYH;;;10.323.145,61;;;;11.415.904,35;;;
      142);;;20/01/26;Cobros: s/ Rec. Nş2103 - OSPERYHRA;;;2.371.600,00;;;;13.787.504,35;;;
      143);;;20/01/26;Pagos: s/ O.Pago Nş6103 - DAURAT MERCEDES MARIA;;;;;5.951.343,40;;7.836.160,95;;;
      145);;;20/01/26;Pagos: s/ O.Pago Nş6080 - MERCEDES FRATTINI;;;;;1.047.986,80;;6.788.174,15;;;
      146);;;21/01/26;Cobros: s/ Rec. Nş2104 - OSLERA;;;147.329,31;;;;6.935.503,46;;;
      147);;;21/01/26;Rescate aportes Lucas Eiros;;;;;7.200.000,00;;-264.496,54;;;
      148);;;21/01/26;Beneficios al personal;;;;;1.456.660,50;;-1.721.157,04;;;
      149);;;21/01/26;Pagos: s/ O.Pago Nş6179 - YOMHA DANTE;;;;;5.000.000,00;;-6.721.157,04;;;
      152);;;22/01/26;Cobros: s/ Rec. Nş2105 - OSPERYH;;;43.305.909,89;;;;36.584.752,85;;;
      154);;;22/01/26;Transfrencia entre cuentas;;;;;1.535.000,00;;35.049.752,85;;;
      156);;;22/01/26;S/Retiros de Socios;;;;;4.000.000,00;;31.049.752,85;;;
      158);;;23/01/26;Cobros: s/ Rec. Nş2106 - GEA S.A.;;;1.367.302,22;;;;32.417.055,07;;;
      160);;;23/01/26;Transfrencia entre cuentas;;;;;3.100.000,00;;29.317.055,07;;;
      161);;;23/01/26;Transfrencia entre cuentas;;;;;3.000.000,00;;26.317.055,07;;;
      162);;;23/01/26;Pagos: s/ O.Pago Nş6151 - BANCO SANTANDER RIO SA;;;;;410.456,28;;25.906.598,79;;;
      163);;;23/01/26;Pago Prestamo 0197-039100730317;;;;;2.133.933,66;;23.772.665,13;;;
      164);;;23/01/26;Gasto Personal;;;;;111.792,98;;23.660.872,15;;;
      169);;;26/01/26;Pagos: s/ O.Pago Nş6146 - LUCAS LEONARDO EIROS;;;;;5.000.000,00;;18.660.872,15;;;
      170);;;27/01/26;Pagos: s/ O.Pago Nş6091 - MERCEDES FRATTINI;;;;;2.382.000,00;;16.278.872,15;;;
      171);;;27/01/26;Pagos: s/ O.Pago Nş6092 - ALLER ROCIO BELEN;;;;;35.000,00;;16.243.872,15;;;
      172);;;28/01/26;Pagos: s/ O.Pago Nş6104 - GOLAWARE S.R.L.;;;;;757.218,00;;15.486.654,15;;;
      173);;;28/01/26;Cobros: s/ Rec. Nş200010012 - ASSISTENCIAL SALUD S.A.;;;373.164,00;;;;15.859.818,15;;;
      176);;;28/01/26;Cobros: s/ Rec. Nş200010011 - OSPERYH;;;2.535.714,48;;;;18.395.532,63;;;
      177);;;28/01/26;Cobros: s/ Rec. Nş200010010 - OSPERYH;;;32.376.208,09;;;;50.771.740,72;;;
      179);;;29/01/26;Cobros: s/ Rec. Nş200010013 - MEDICAL SERVICIOS DE SALUD SRL;;;2.584.170,11;;;;53.355.910,83;;;
      180);;;29/01/26;Cobros: s/ Rec. Nş200010014 - APDIS;;;2.203.465,38;;;;55.559.376,21;;;
      182);;;30/01/26;Pagos: s/ O.Pago Nş6087 - FUNDACION CONSENSO;;;;;228.850,93;;55.330.525,28;;;
      183);;;30/01/26;Pagos: s/ O.Pago Nş6088 - SACCOL EMILIANO;;;;;1.229.027,25;;54.101.498,03;;;
      184);;;30/01/26;Pagos: s/ O.Pago Nş6089 - MINDER S A;;;;;61.415,96;;54.040.082,07;;;
      185);;;30/01/26;Pagos: s/ O.Pago Nş6090 - WNS & ASOCIADOS S.R.L.;;;;;2.256.287,00;;51.783.795,07;;;
      188);;;30/01/26;Pago de Haberes;;;;;12.862.421,00;;38.921.374,07;;;
      189);;;30/01/26;Pagos: s/ O.Pago Nş6175 - LUCAS LEONARDO EIROS;;;;;6.000.000,00;;32.921.374,07;;;
      192);;;31/01/26;Gastos y Comisiones Bancarias-Santander;;;;;12.407.361,64;;20.514.012,43;;;
      241);;;02/02/26;Pago Autonomos Socio Gerente;;;;;125.485,06;;20.388.527,37;;;
      242);;;02/02/26;Pago Tarjeta de Credito;;;;;3.457.500,00;;16.931.027,37;;;
      244);;;03/02/26;Cobros: s/ Rec. Nş200010015 - OS PRENSA ROSARIO;;;2.021.306,26;;;;18.952.333,63;;;
      246);;;03/02/26;Pago Prestamo 0197-039100721104;;;;;809.503,41;;18.142.830,22;;;
      247);;;03/02/26;Pagos: s/ O.Pago Nş6152 - BANCO SANTANDER RIO SA;;;;;136.205,94;;18.006.624,28;;;
      253);;;04/02/26;Pagos: s/ O.Pago Nş6169 - YOMHA GALILEO;;;;;3.000.000,00;;15.006.624,28;;;
      254);;;05/02/26;Pago de Haberes;;;;;8.918.429,00;;6.088.195,28;;;
      255);;;06/02/26;Pagos: s/ O.Pago Nş6123 - SANDJIAN & ASOCIADOS;;;;;931.700,00;;5.156.495,28;;;
      256);;;06/02/26;Transfrencia entre cuentas;;;;;125.000,00;;5.031.495,28;;;
      257);;;06/02/26;Transfrencia entre cuentas;;;;;85.000,00;;4.946.495,28;;;
      258);;;06/02/26;Pago Obra Social-SCVO 2025-12;;;;;2.445.187,21;;2.501.308,07;;;
      260);;;06/02/26;Pagos: s/ O.Pago Nş6153 - BANCO SANTANDER RIO SA;;;;;1.177.902,76;;1.323.405,31;;;
      261);;;06/02/26;Pago Prestamo 0197-039100897649;;;;;613.888,89;;709.516,42;;;
      262);;;06/02/26;Gasto Personal OSDE;;;;;768.368,29;;-58.851,87;;;
      263);;;09/02/26;Pagos: s/ O.Pago Nş6134 - TELEFONICA MOVILES ARGENT;;;;;168.433,58;;-227.285,45;;;
      264);;;09/02/26;(Cheque 1477) Pago Plan de Pago Sindicato;;;;;832.000,00;;-1.059.285,45;;;
      266);;;09/02/26;Pagos: s/ O.Pago Nş6154 - BANCO SANTANDER RIO SA;;;;;227.952,36;;-1.287.237,81;;;
      267);;;09/02/26;Pago Prestamo 0197-039100866063;;;;;944.261,57;;-2.231.499,38;;;
      268);;;10/02/26;Cobros: s/ Rec. Nş200010016 - O.S. DEL PER. DEL JOCKEY CLUB DE ROSARIO;;;3.225.871,77;;;;994.372,39;;;
      269);;;10/02/26;Gastos de Prepaga Swiss 2026/02;;;;;106.545,95;;887.826,44;;;
      270);;;11/02/26;Pagos: s/ O.Pago Nş6125 - CESAR AUGUSTO ARCARO MALITO;;;;;4.609.587,08;;-3.721.760,64;;;
      271);;;11/02/26;V113915 - Cuota 3.733.998,24 (Pago Cuota 2);;;;;4.028.361,77;;-7.750.122,41;;;
      272);;;11/02/26;V293428 - Cuota 216.835,52 (Pago Cuota 1);;;;;227.966,41;;-7.978.088,82;;;
      273);;;11/02/26;V066516 - Cuota 2.071.918,23 (Pago Cuota 3);;;;;2.235.254,45;;-10.213.343,27;;;
      274);;;11/02/26;Gasto Personal OSDE;;;;;1.185.610,09;;-11.398.953,36;;;
      275);;;11/02/26;Pagos: s/ O.Pago Nş6124 - LUCIANO ORSI;;;;;2.471.613,00;;-13.870.566,36;;;
      277);;;13/02/26;Beneficios al personal;;;;;971.107,00;;-14.841.673,36;;;
      279);;;16/02/26;V293237 - Pago Cuota 3;;;;;1.808.495,28;;-16.650.168,64;;;
      280);;;16/02/26;V114140 Pago Cuota 5;;;;;450.049,77;;-17.100.218,41;;;
      281);;;16/02/26;V293428 - Pago Cuota 3;;;;;216.835,52;;-17.317.053,93;;;
      282);;;16/02/26;V429557 -Pago Cuota 2;;;;;3.760.940,94;;-21.077.994,87;;;
      283);;;18/02/26;Pagos: s/ O.Pago Nş6136 - MARIA SOLEDAD PASCALE;;;;;2.500.000,00;;-23.577.994,87;;;
      290);;;18/02/26;(Pascale) Beneficio Soledad Pascale;;;;;119.242,36;;-23.697.237,23;;;
      292);;;18/02/26;Pagos: s/ O.Pago Nş6155 - BANCO SANTANDER RIO SA;;;;;414.458,29;;-24.111.695,52;;;
      293);;;18/02/26;Pago Prestamo 0197-039100828171;;;;;683.152,71;;-24.794.848,23;;;
      294);;;18/02/26;Cobros: s/ Rec. Nş200010017 - OSPILM;;;6.134.648,68;;;;-18.660.199,55;;;
      297);;;20/02/26;Transfrencia entre cuentas;;;;;1.560.000,00;;-20.220.199,55;;;
      298);;;20/02/26;Pago Convenio Ene.2026;;;;;29.626,90;;-20.249.826,45;;;
      299);;;20/02/26;Honorarios Legales Afip Cuota 1de4;;;;;144.263,82;;-20.394.090,27;;;
      302);;;20/02/26;Pago a cuenta V725445;;;;;876.768,33;;-21.270.858,60;;;
      303);;;20/02/26;Cobros: s/ Rec. Nş200010018 - GEA S.A.;;;1.360.854,49;;;;-19.910.004,11;;;
      305);;;23/02/26;Pagos: s/ O.Pago Nş6111 - MORABITO FEDERICO JAVIER;;;;;216.500,00;;-20.126.504,11;;;
      306);;;23/02/26;Cobros: s/ Rec. Nş200010021 - ASSISTENCIAL SALUD S.A.;;;3.983.778,66;;;;-16.142.725,45;;;
      309);;;23/02/26;Cobros: s/ Rec. Nş200010020 - SUTERH;;;2.067.196,73;;;;-14.075.528,72;;;
      310);;;23/02/26;Cobros: s/ Rec. Nş200010019 - OSPERYHRA;;;8.642.927,52;;;;-5.432.601,20;;;
      311);;;24/02/26;Pagos: s/ O.Pago Nş6109 - MINDER S A;;;;;171.048,52;;-5.603.649,72;;;
      312);;;24/02/26;Pagos: s/ O.Pago Nş6112 - RODRIGUEZ PILAR;;;;;1.783.000,00;;-7.386.649,72;;;
      313);;;24/02/26;Pagos: s/ O.Pago Nş6113 - DAURAT MERCEDES MARIA;;;;;6.050.000,00;;-13.436.649,72;;;
      314);;;24/02/26;Cobros: s/ Rec. Nş200010022 - OBRA SOCIAL DEL PERSONAL MUNICIPAL DE AVELL;;;5.868.500,00;;;;-7.568.149,72;;;
      316);;;24/02/26;Cobros: s/ Rec. Nş200010023 - OSPERYH;;;43.095.192,31;;;;35.527.042,59;;;
      318);;;25/02/26;Pagos: s/ O.Pago Nş6117 - NUBI S.A.;;;;;66.095,97;;35.460.946,62;;;
      319);;;25/02/26;Pagos: s/ O.Pago Nş6114 - MERCEDES FRATTINI;;;;;2.036.136,76;;33.424.809,86;;;
      320);;;25/02/26;Pagos: s/ O.Pago Nş6115 - GOLAWARE S.R.L.;;;;;747.054,00;;32.677.755,86;;;
      321);;;25/02/26;Pagos: s/ O.Pago Nş6116 - ANDREACCHIO RODOLFO;;;;;900.000,00;;31.777.755,86;;;
      322);;;25/02/26;Pagos: s/ O.Pago Nş6118 - MERCEDES FRATTINI;;;;;1.047.986,80;;30.729.769,06;;;
      323);;;25/02/26;Pagos: s/ O.Pago Nş6119 - SACCOL EMILIANO;;;;;548.704,75;;30.181.064,31;;;
      324);;;25/02/26;Pagos: s/ O.Pago Nş6120 - WNS & ASOCIADOS S.R.L.;;;;;2.256.287,00;;27.924.777,31;;;
      325);;;25/02/26;(Pascale) Beneficio Soledad Pascale;;;;;67.245,13;;27.857.532,18;;;
      326);;;25/02/26;Transfrencia entre cuentas;;;;;1.700.000,00;;26.157.532,18;;;
      327);;;25/02/26;Gasto Personal;;;;;145.874,59;;26.011.657,59;;;
      328);;;25/02/26;Pagos: s/ O.Pago Nş6176 - LUCAS LEONARDO EIROS;;;;;6.000.000,00;;20.011.657,59;;;
      330);;;27/02/26;Cobros: s/ Rec. Nş200010024 - APDIS;;;2.393.476,08;;;;22.405.133,67;;;
      331);;;27/02/26;Pago de Haberes;;;;;9.305.536,00;;13.099.597,67;;;
      332);;;27/02/26;Pagos: s/ O.Pago Nş6168 - YOMHA FRANCO;;;;;5.085.000,00;;8.014.597,67;;;
      341);;;28/02/26;Gastos y Comisiones Bancarias-Santander;;;;;6.775.072,31;;1.239.525,36;;;
      377);;;02/03/26;Cobros: s/ Rec. Nş200010026 - MEDICAL SERVICIOS DE SALUD SRL;;;2.117.652,00;;;;3.357.177,36;;;
      381);;;02/03/26;Pago Tarjeta de Credito;;;;;3.004.740,00;;352.437,36;;;
      383);;;02/03/26;Pago Prestamo 0197-39100730317 Cuota 21;;;;;2.199.729,95;;-1.847.292,59;;;
      384);;;02/03/26;Cobros: s/ Rec. Nş200010025 - OSLERA;;;493.223,10;;;;-1.354.069,49;;;
      387);;;03/03/26;Pagos: s/ O.Pago Nş6172 - BANCO SANTANDER RIO SA;;;;;338.602,08;;-1.692.671,57;;;
      388);;;03/03/26;Pagos: s/ O.Pago Nş6173 - BANCO SANTANDER RIO SA;;;;;103.594,49;;-1.796.266,06;;;
      389);;;03/03/26;Pago Prestamo 0197-39100721104 Cuota 22;;;;;837.161,44;;-2.633.427,50;;;
      390);;;04/03/26;Pagos: s/ O.Pago Nş6121 - CESAR AUGUSTO ARCARO MALITO;;;;;1.452.000,00;;-4.085.427,50;;;
      391);;;04/03/26;Cobros: s/ Rec. Nş200010027 - OSPERYHRA;;;10.472.401,23;;;;6.386.973,73;;;
      392);;;04/03/26;Cobros: s/ Rec. Nş200010028 - OS PRENSA ROSARIO;;;2.021.306,26;;;;8.408.279,99;;;
      398);;;04/03/26;Gasto Personal;;;;;32.049,73;;8.376.230,26;;;
      399);;;05/03/26;Pago de Haberes;;;;;9.305.536,00;;-929.305,74;;;
      401);;;06/03/26;Pagos: s/ O.Pago Nş6131 - SANDJIAN & ASOCIADOS;;;;;2.904.000,00;;-3.833.305,74;;;
      402);;;06/03/26;Pagos: s/ O.Pago Nş6132 - WNS & ASOCIADOS S.R.L.;;;;;2.256.287,00;;-6.089.592,74;;;
      403);;;06/03/26;Pagos: s/ O.Pago Nş6133 - TELEFONICA MOVILES ARGENT;;;;;175.145,68;;-6.264.738,42;;;
      404);;;06/03/26;Transfrencia entre cuentas;;;;;3.250.000,00;;-9.514.738,42;;;
      405);;;06/03/26;Transfrencia entre cuentas;;;;;2.900.000,00;;-12.414.738,42;;;
      406);;;06/03/26;Transfrencia entre cuentas;;;;;20.000,00;;-12.434.738,42;;;
      407);;;06/03/26;Transfrencia entre cuentas;;;;;85.000,00;;-12.519.738,42;;;
      409);;;06/03/26;Pagos: s/ O.Pago Nş6162 - BANCO SANTANDER RIO SA;;;;;1.031.672,40;;-13.551.410,82;;;
      410);;;06/03/26;Pago Prestamo 0197-39100897649 Cuota 5;;;;;613.888,89;;-14.165.299,71;;;
      415);;;09/03/26;Pagos: s/ O.Pago Nş6135 - MARIA SOLEDAD PASCALE;;;;;2.500.000,00;;-16.665.299,71;;;
      417);;;09/03/26;(Cheque 1476) Pago Plan de Pago Sindicato;;;;;832.000,00;;-17.497.299,71;;;
      419);;;09/03/26;Pagos: s/ O.Pago Nş6163 - BANCO SANTANDER RIO SA;;;;;185.316,14;;-17.682.615,85;;;
      420);;;09/03/26;Pago Prestamo 0197-39100866063 Cuota 9;;;;;980.458,20;;-18.663.074,05;;;
      421);;;10/03/26;Cobros: s/ Rec. Nş200010029 - ASSISTENCIAL SALUD S.A.;;;3.248.768,57;;;;-15.414.305,48;;;
      426);;;10/03/26;Gastos de Prepaga Swiss 2026/03;;;;;111.775,35;;-15.526.080,83;;;
      427);;;11/03/26;Cobros: s/ Rec. Nş200010031 - SUTERH;;;2.174.354,39;;;;-13.351.726,44;;;
      428);;;11/03/26;Cobros: s/ Rec. Nş200010030 - O.S. DEL PER. DEL JOCKEY CLUB DE ROSARIO;;;3.548.324,61;;;;-9.803.401,83;;;
      429);;;12/03/26;Pagos: s/ O.Pago Nş6137 - GOLAWARE S.R.L.;;;;;734.349,00;;-10.537.750,83;;;
      430);;;12/03/26;Pagos: s/ O.Pago Nş6138 - LUCIANO ORSI;;;;;2.516.613,00;;-13.054.363,83;;;
      431);;;12/03/26;Pagos: s/ O.Pago Nş6139 - CESAR AUGUSTO ARCARO MALITO;;;;;5.577.587,08;;-18.631.950,91;;;
      432);;;12/03/26;Pagos: s/ O.Pago Nş6140 - ARQUETIPONET S.R.L.;;;;;716.025,00;;-19.347.975,91;;;
      438);;;12/03/26;Gasto Personal;;;;;35.812,90;;-19.383.788,81;;;
      439);;;12/03/26;Beneficios al personal;;;;;1.000.000,00;;-20.383.788,81;;;
      441);;;13/03/26;Cobros: s/ Rec. Nş200010032 - FATERYH;;;10.323.145,61;;;;-10.060.643,20;;;
      442);;;13/03/26;Cobros: s/ Rec. Nş200010033 - OSPERYHRA;;;571.640,34;;;;-9.489.002,86;;;
      449);;;16/03/26;(Pascale) Beneficio Soledad Pascale;;;;;119.242,36;;-9.608.245,22;;;
      450);;;16/03/26;Pagos: s/ O.Pago Nş6166 - BANCO SANTANDER RIO SA;;;;;387.674,19;;-9.995.919,41;;;
      451);;;16/03/26;Pago Prestamo 0197-39100828171 Cuota 12;;;;;703.647,29;;-10.699.566,70;;;
      454);;;18/03/26;Pagos: s/ O.Pago Nş6141 - MORABITO FEDERICO JAVIER;;;;;238.200,00;;-10.937.766,70;;;
      455);;;18/03/26;Pagos: s/ O.Pago Nş6142 - MINDER S A;;;;;57.904,96;;-10.995.671,66;;;
      456);;;18/03/26;Cobros: s/ Rec. Nş200010034 - OSPILM;;;6.984.999,09;;;;-4.010.672,57;;;
      457);;;18/03/26;Cobros: s/ Rec. Nş200010035 - OSLERA;;;191.257,07;;;;-3.819.415,50;;;
      458);;;18/03/26;Cobros: s/ Rec. Nş200010036 - SUTERH;;;2.173.010,98;;;;-1.646.404,52;;;
      459);;;19/03/26;Pagos: s/ O.Pago Nş6143 - FABIOLA LANDIN;;;;;726.000,00;;-2.372.404,52;;;
      460);;;19/03/26;Pagos: s/ O.Pago Nş6144 - NUBI S.A.;;;;;45.518,23;;-2.417.922,75;;;
      461);;;19/03/26;Pagos: s/ O.Pago Nş6145 - ARQUETIPONET S.R.L.;;;;;270.459,20;;-2.688.381,95;;;
      462);;;19/03/26;Transfrencia entre cuentas;;;;;1.575.000,00;;-4.263.381,95;;;
      463);;;19/03/26;Pagos: s/ O.Pago Nş6156 - YOMHA GALILEO;;;;;5.000.000,00;;-9.263.381,95;;;
      464);;;19/03/26;Pagos: s/ O.Pago Nş6170 - YOMHA GALILEO;;;;;2.000.000,00;;-11.263.381,95;;;
      466);;;20/03/26;Gastos y Comisiones Bancarias-Santander;;;;;2.525.427,07;;-13.788.809,02;;;
      467);;;20/03/26;Cobros: s/ Rec. Nş200010037 - APDIS;;;974.740,06;;;;-12.814.068,96;;;
      468);;;20/03/26;Cobros: s/ Rec. Nş200010039 - FATERYH;;;10.836.985,15;;;;-1.977.083,81;;;
      469);;;20/03/26;Cobros: s/ Rec. Nş200010038 - GEA S.A.;;;1.437.081,34;;;;-540.002,47;;;
      470);;;24/03/26;Pagos: s/ O.Pago Nş6177 - LUCAS LEONARDO EIROS;;;;;1.000.000,00;;-1.540.002,47;;;
      471);;;25/03/26;Pagos: s/ O.Pago Nş6157 - RODRIGUEZ PILAR;;;;;1.961.610,00;;-3.501.612,47;;;
      472);;;25/03/26;Pagos: s/ O.Pago Nş6158 - MERCEDES FRATTINI;;;;;2.547.986,80;;-6.049.599,27;;;
      473);;;25/03/26;Pagos: s/ O.Pago Nş6159 - ANDREACCHIO RODOLFO;;;;;900.000,00;;-6.949.599,27;;;
      474);;;25/03/26;Pagos: s/ O.Pago Nş6160 - SACCOL EMILIANO;;;;;548.704,75;;-7.498.304,02;;;
      475);;;25/03/26;Pagos: s/ O.Pago Nş6161 - DAURAT MERCEDES MARIA;;;;;6.050.000,00;;-13.548.304,02;;;
      476);;;25/03/26;Transfrencia entre cuentas Santander a Banco Ciudad;;;;;3.160.000,00;;-16.708.304,02;;;
      477);;;25/03/26;Transfrencia entre cuentas Santander a Banco Macro;;;;;1.700.000,00;;-18.408.304,02;;;
      478);;;25/03/26;Transfrencia entre cuentas Santander a Banco Galicia;;;;;115.000,00;;-18.523.304,02;;;
      479);;;25/03/26;Beneficios al personal;;;;;201.409,34;;-18.724.713,36;;;
      481);;;25/03/26;Retiro Efectivo Cheque 1327 y 1328;;;;;1.000.000,00;;-19.724.713,36;;;
      486);;;26/03/26;Cobros: s/ Rec. Nş200010040 - OBRA SOCIAL DEL PERSONAL MUNICIPAL DE AVELL;;;6.455.350,00;;;;-13.269.363,36;;;
      489);;;26/03/26;Pagos: s/ O.Pago Nş6167 - DINAMICA COMERCIAL  SRL;;;;;19.000,00;;-13.288.363,36;;;
      490);;;27/03/26;Cobros: s/ Rec. Nş200010041 - SUTERH;;;2.173.010,99;;;;-11.115.352,37;;;
      495);;;30/03/26;Pagos: s/ O.Pago Nş6164 - BANCO SANTANDER RIO SA;;;;;258.485,24;;-11.373.837,61;;;
      496);;;30/03/26;Pagos: s/ O.Pago Nş6165 - BANCO SANTANDER RIO SA;;;;;62.453,29;;-11.436.290,90;;;
      497);;;30/03/26;Pago Prestamo 0197-39100730317 Cuota 22;;;;;2.267.554,95;;-13.703.845,85;;;
      498);;;30/03/26;Pago Total Prestamo 0197-39100721104 Cuota 23 y 24;;;;;1.761.109,52;;-15.464.955,37;;;
      499);;;30/03/26;Aporte Gonzalo Eiros;;;2.000.000,00;;;;-13.464.955,37;;;
      501);;;31/03/26;Gastos y Comisiones Bancarias-Santander;;;;;615.154,06;;-14.080.109,43;;;
      502);;;31/03/26;Pago de Haberes 50% Marzo;;;;;9.122.305,50;;-23.202.414,93;;;
      519);;;31/03/26;Pagos: s/ O.Pago Nş6254 - YOMHA FRANCO;;;;;3.300.000,00;;-26.502.414,93;;;
      520);;;31/03/26;Insumos de Libreria;;;;;34.492,80;;-26.536.907,73;;;
      525);;;31/03/26;Reclasificacion de cuentas de impuestos;;;2.266.221,72;;;;-24.270.686,01;;;
      571);;;01/04/26;Cobros: s/ Rec. Nş200010042 - OSPERYH;;;20.408.703,84;;;;-3.861.982,17;;;
      587);;;06/04/26;Cobros: s/ Rec. Nş200010043 - O.S. DEL PER. DEL JOCKEY CLUB DE ROSARIO;;;3.548.324,61;;;;-313.657,56;;;
      591);;;06/04/26;Pago Prestamo Santander 39100897649 - Cuota 6;;;;;613.888,89;;-927.546,45;;;
      593);;;06/04/26;Pagos: s/ O.Pago Nş6237 - BANCO SANTANDER RIO SA;;;;;1.106.514,72;;-2.034.061,17;;;
      594);;;06/04/26;Aporte Socios Lucas Eiros y Gonzalo Eiros;;;20.000.000,00;;;;17.965.938,83;;;
      595);;;06/04/26;Pago Tarjeta de Credito Visa;;;;;3.339.420,00;;14.626.518,83;;;
      597);;;07/04/26;Pagos: s/ O.Pago Nş6178 - LUCAS LEONARDO EIROS;;;;;5.000.000,00;;9.626.518,83;;;
      599);;;07/04/26;Pagos: s/ O.Pago Nş6180 - MORABITO FEDERICO JAVIER;;;;;238.200,00;;9.388.318,83;;;
      600);;;08/04/26;Cobros: s/ Rec. Nş200010044 - OSPERYHRA;;;3.072.146,55;;;;12.460.465,38;;;
      603);;;08/04/26;Transfrencias entre cuentas - Santander a Frances;;;;;2.950.000,00;;9.510.465,38;;;
      604);;;08/04/26;Pago de Haberes Marzo Saldo;;;;;9.368.740,00;;141.725,38;;;
      607);;;09/04/26;Pagos: s/ O.Pago Nş6197 - TELEFONICA MOVILES ARGENT;;;;;194.518,32;;-52.792,94;;;
      608);;;09/04/26;Pago Prestamo Santander 39100866063 - Cuota 10;;;;;1.018.042,49;;-1.070.835,43;;;
      610);;;09/04/26;Pagos: s/ O.Pago Nş6238 - BANCO SANTANDER RIO SA;;;;;141.880,46;;-1.212.715,89;;;
      611);;;09/04/26;Pago Obra Social-SCVO 2026-02;;;;;2.536.970,51;;-3.749.686,40;;;
      612);;;09/04/26;Pago Obra Social-SCVO 2026-01;;;;;2.553.855,62;;-6.303.542,02;;;
      613);;;09/04/26;Pago Autonomos Socio Gerente;;;;;132.778,36;;-6.436.320,38;;;
      614);;;09/04/26;Pagos: s/ O.Pago Nş6195 - LUCIANO ORSI;;;;;2.808.503,00;;-9.244.823,38;;;
      615);;;09/04/26;Pagos: s/ O.Pago Nş6196 - CESAR AUGUSTO ARCARO MALITO;;;;;4.740.400,54;;-13.985.223,92;;;
      618);;;10/04/26;Cobros: s/ Rec. Nş200010045 - OSPERYH;;;48.270.684,49;;;;34.285.460,57;;;
      619);;;10/04/26;Gastos de Prepaga Swiss 2026/04;;;;;62.694,25;;34.222.766,32;;;
      622);;;13/04/26;Pago Tarjeta de Credito Visa;;;;;10.000.000,00;;24.222.766,32;;;
      623);;;14/04/26;Pagos: s/ O.Pago Nş6198 - MARIA SOLEDAD PASCALE;;;;;2.500.000,00;;21.722.766,32;;;
      625);;;14/04/26;Pago Prestamo Santander 39100828171 - Cuota 13;;;;;724.756,71;;20.998.009,61;;;
      627);;;14/04/26;Pagos: s/ O.Pago Nş6239 - BANCO SANTANDER RIO SA;;;;;362.256,33;;20.635.753,28;;;
      628);;;14/04/26;Beneficios al personal;;;;;1.000.000,00;;19.635.753,28;;;
      629);;;14/04/26;Pagos: s/ O.Pago Nş6199 - MATTIOLI SAMANTA GABRIELA SOLANGE;;;;;420.000,00;;19.215.753,28;;;
      633);;;15/04/26;Extraccion de efectivo;;;;;7.000.000,00;;12.215.753,28;;;
      636);;;16/04/26;(Pascale) Beneficio Soledad Pascale;;;;;119.242,36;;12.096.510,92;;;
      637);;;17/04/26;Transferencias entre cuentas - Santander a Brubank;;;;;1.550.000,00;;10.546.510,92;;;
      644);;;20/04/26;Cobros: s/ Rec. Nş200010052 - OS PRENSA ROSARIO;;;2.223.436,89;;;;12.769.947,81;;;
      652);;;22/04/26;Cobros: s/ Rec. Nş200010057 - MEDICAL SERVICIOS DE SALUD SRL;;;2.045.005,39;;;;14.814.953,20;;;
      660);;;23/04/26;Recupero parcial Aporte Socio Gonzalo Eiros;;;;;2.000.000,00;;12.814.953,20;;;
      669);;;27/04/26;Pagos: s/ O.Pago Nş6253 - YOMHA GALILEO;;;;;5.000.000,00;;7.814.953,20;;;
      673);;;28/04/26;Cobros: s/ Rec. Nş200010058 - ASSISTENCIAL SALUD S.A.;;;3.857.074,61;;;;11.672.027,81;;;
      680);;;28/04/26;Pago Prestamo Santander 39100730317 - Cuota 23;;;;;2.337.471,23;;9.334.556,58;;;
      682);;;28/04/26;Pagos: s/ O.Pago Nş6240 - BANCO SANTANDER RIO SA;;;;;171.695,62;;9.162.860,96;;;
      683);;;28/04/26;Pago ART Dic2025 y Mar2026;;;;;2.058.733,37;;7.104.127,59;;;
      684);;;28/04/26;Pago Obra Social-SCVO 2026-03;;;;;1.644.339,71;;5.459.787,88;;;
      689);;;30/04/26;Transferencias entre cuentas - Galciia a Santander;;;12.415.000,00;;;;17.874.787,88;;;
      701);;;30/04/26;Gastos Bancarios Santander;;;;;1.537.067,02;;16.337.720,86;;;
      702);;;30/04/26;Pago de Haberes 50% Abril;;;;;9.234.245,50;;7.103.475,36;;;
      703);;;30/04/26;Pagos: s/ O.Pago Nş6241 - BANCO SANTANDER RIO SA;;;;;1.019.780,36;;6.083.695,00;;;
      708);;;30/04/26;Pagos: s/ O.Pago Nş6249 - LUCAS LEONARDO EIROS;;;;;6.000.000,00;;83.695,00;;;
      709);;;30/04/26;Pagos: s/ O.Pago Nş6248 - SANTA FE COMERCIAL SOCIEDAD DE RESPONSAB;;;;;128.637,52;;-44.942,52;;;
      734);;;04/05/26;Movimientos Banco Santander;;;;;9.959.038,74;;-10.003.981,26;;;
      774);;;07/05/26;Cobros: s/ Rec. Nş200010066 - OSPERYH;;;2.535.714,48;;;;-7.468.266,78;;;
      775);;;07/05/26;Pago de Haberes 50% Abril - Saldo;;;;;9.354.993,50;;-16.823.260,28;;;
      780);;;08/05/26;Cobros: s/ Rec. Nş200010067 - OSPERYH;;;2.661.880,44;;;;-14.161.379,84;;;
      786);;;09/05/26;Deposito en Efectivo;;;100,00;;;;-14.161.279,84;;;
      792);;;11/05/26;Gastos de Prepaga;;;;;232.389,00;;-14.393.668,84;;;
      793);;;11/05/26;Pagos: s/ O.Pago Nş6267 - TELEFONICA MOVILES ARGENT;;;;;199.656,15;;-14.593.324,99;;;
      796);;;12/05/26;Cobros: s/ Rec. Nş200010065 - CAMPSIC;;;29.040,00;;;;-14.564.284,99;;;
      798);;;12/05/26;Gastos Bancarios Santander;;;;;114.884,13;;-14.679.169,12;;;
      808);;;18/05/26;Cobros: s/ Rec. Nş200010069 - O.S. DEL PER. DEL JOCKEY CLUB DE ROSARIO;;;3.690.033,04;;;;-10.989.136,08;;;
;;;;;;;449.135.625,97;;460.124.762,05;;;;;
;;;;;;;;;;;;;;
01.01.01.05 - BANCO CIUDAD CTA CTE (A);;;;;;;;;;;;;;
Asiento Nş;;;Fecha;Concepto;;;Debe;;Haber;;Saldo;;;
      1);;;01/01/26;Automático: Asiento de Inicio;;;;;88.028,82;;-88.028,82;;;
      42);;;02/01/26;Transfrencia entre cuentas;;;30.000,00;;;;-58.028,82;;;
      59);;;02/01/26;Pagos: s/ O.Pago Nş6259 - BANCO DE LA CIUDAD DE BUENOS AIRES;;;;;2.899.156,50;;-2.957.185,32;;;
      60);;;02/01/26;Reversion Gastos Bancarios;;;2.899.156,50;;;;-58.028,82;;;
      111);;;16/01/26;Transfrencia entre cuentas;;;3.250.000,00;;;;3.191.971,18;;;
      118);;;16/01/26;Pago Prestamo Cuota 18;;;;;2.416.348,15;;775.623,03;;;
      119);;;16/01/26;Pagos: s/ O.Pago Nş6232 - BANCO DE LA CIUDAD DE BUENOS AIRES;;;;;680.223,61;;95.399,42;;;
      131);;;19/01/26;Pagos: s/ O.Pago Nş6228 - BANCO DE LA CIUDAD DE BUENOS AIRES;;;;;74.473,31;;20.926,11;;;
      160);;;23/01/26;Transfrencia entre cuentas;;;3.100.000,00;;;;3.120.926,11;;;
      165);;;23/01/26;Pago Prestamo Cuota 19;;;;;2.492.865,84;;628.060,27;;;
      166);;;23/01/26;Pagos: s/ O.Pago Nş6229 - BANCO DE LA CIUDAD DE BUENOS AIRES;;;;;531.460,36;;96.599,91;;;
      199);;;31/01/26;Gastos y Comisiones Bancarias-Banco Ciudad;;;;;107.132,23;;-10.532,32;;;
      345);;;28/02/26;Gastos y Comisiones Bancarias-Banco Ciudad;;;;;69.080,63;;-79.612,95;;;
      404);;;06/03/26;Transfrencia entre cuentas;;;3.250.000,00;;;;3.170.387,05;;;
      413);;;06/03/26;Pago Prestamo Cuota 20;;;;;2.571.806,59;;598.580,46;;;
      414);;;06/03/26;Pagos: s/ O.Pago Nş6230 - BANCO DE LA CIUDAD DE BUENOS AIRES;;;;;576.441,57;;22.138,89;;;
      476);;;25/03/26;Transfrencia entre cuentas Santander a Banco Ciudad;;;3.160.000,00;;;;3.182.138,89;;;
      483);;;25/03/26;Pago Prestamo Cuota 21;;;;;2.653.247,13;;528.891,76;;;
      485);;;25/03/26;Pagos: s/ O.Pago Nş6231 - BANCO DE LA CIUDAD DE BUENOS AIRES;;;;;434.346,73;;94.545,03;;;
      515);;;31/03/26;Gastos y Comisiones Bancarias-Banco Ciudad;;;;;129.973,21;;-35.428,18;;;
      696);;;30/04/26;Gastos y Comisiones Bancarias-Banco Ciudad;;;;;68.446,17;;-103.874,35;;;
      735);;;04/05/26;Movimientos Banco Ciudad;;;;;1.524,45;;-105.398,80;;;
;;;;;;;15.689.156,50;;15.794.555,30;;;;;
;;;;;;;;;;;;;;
01.01.01.06 - BANCO SANTANDER RIO USD (A);;;;;;;;;;;;;;
Asiento Nş;;;Fecha;Concepto;;;Debe;;Haber;;Saldo;;;
      1);;;01/01/26;Automático: Asiento de Inicio;;;504,65;;;;504,65;;;
;;;;;;;504,65;;0,00;;;;;
;;;;;;;;;;;;;;
01.01.01.09 - BANCO GALICIA CTA CTE (A);;;;;;;;;;;;;;
Asiento Nş;;;Fecha;Concepto;;;Debe;;Haber;;Saldo;;;
      1);;;01/01/26;Automático: Asiento de Inicio;;;34.092,91;;;;34.092,91;;;
      203);;;31/01/26;Gastos Bancarios Banco Galicia;;;;;477,32;;33.615,59;;;
      204);;;31/01/26;Pagos: s/ O.Pago Nş6224 - BANCO GALICIA;;;;;72.243,39;;-38.627,80;;;
      256);;;06/02/26;Transfrencia entre cuentas;;;125.000,00;;;;86.372,20;;;
      348);;;28/02/26;Gastos Bancarios Banco Galicia;;;;;525,38;;85.846,82;;;
      349);;;28/02/26;Pagos: s/ O.Pago Nş6225 - BANCO GALICIA;;;;;81.177,17;;4.669,65;;;
      407);;;06/03/26;Transfrencia entre cuentas;;;85.000,00;;;;89.669,65;;;
      478);;;25/03/26;Transfrencia entre cuentas Santander a Banco Galicia;;;115.000,00;;;;204.669,65;;;
      513);;;31/03/26;Gastos Bancarios Banco Galicia;;;;;738,53;;203.931,12;;;
      514);;;31/03/26;Pagos: s/ O.Pago Nş6226 - BANCO GALICIA;;;;;120.688,56;;83.242,56;;;
      678);;;28/04/26;Transferencias entre cuentas - Frances a Galicia;;;21.650.000,00;;;;21.733.242,56;;;
      689);;;30/04/26;Transferencias entre cuentas - Galciia a Santander;;;;;12.415.000,00;;9.318.242,56;;;
      692);;;30/04/26;Gastos Bancarios Banco Galicia;;;;;480,29;;9.317.762,27;;;
      695);;;30/04/26;Pagos: s/ O.Pago Nş6227 - BANCO GALICIA;;;;;76.877,35;;9.240.884,92;;;
      737);;;04/05/26;Movimientos Banco Galicia;;;;;76.053,60;;9.164.831,32;;;
      797);;;12/05/26;Cierre de Cuenta Galicia-Decision Comercial Galicia;;;;;6.164.831,32;;3.000.000,00;;;
;;;;;;;22.009.092,91;;19.009.092,91;;;;;
;;;;;;;;;;;;;;
01.01.01.10 - MONEDA EXTRANJERA (A);;;;;;;;;;;;;;
Asiento Nş;;;Fecha;Concepto;;;Debe;;Haber;;Saldo;;;
      1);;;01/01/26;Automático: Asiento de Inicio;;;1.782.314,42;;;;1.782.314,42;;;
;;;;;;;1.782.314,42;;0,00;;;;;
;;;;;;;;;;;;;;
01.01.01.11 - BANCO MACRO CTA CTE (A);;;;;;;;;;;;;;
Asiento Nş;;;Fecha;Concepto;;;Debe;;Haber;;Saldo;;;
      1);;;01/01/26;Automático: Asiento de Inicio;;;;;51.415,63;;-51.415,63;;;
      43);;;02/01/26;Transfrencia entre cuentas;;;60.000,00;;;;8.584,37;;;
      127);;;19/01/26;Transfrencia entre cuentas;;;1.626.000,00;;;;1.634.584,37;;;
      144);;;20/01/26;Pago Prestamo Macro-Cuota 9;;;;;1.630.711,71;;3.872,66;;;
      205);;;31/01/26;Pagos: s/ O.Pago Nş6233 - BANCO MACRO CTA CTE;;;;;68.704,70;;-64.832,04;;;
      206);;;31/01/26;Gastos Bancarios - Banco Macro;;;;;10.236,44;;-75.068,48;;;
      257);;;06/02/26;Transfrencia entre cuentas;;;85.000,00;;;;9.931,52;;;
      326);;;25/02/26;Transfrencia entre cuentas;;;1.700.000,00;;;;1.709.931,52;;;
      329);;;25/02/26;Pago Prestamo Macro-Cuota 10;;;;;1.641.103,08;;68.828,44;;;
      350);;;28/02/26;Gastos Bancarios - Banco Macro;;;;;10.297,97;;58.530,47;;;
      352);;;28/02/26;Pagos: s/ O.Pago Nş6234 - BANCO MACRO CTA CTE;;;;;73.303,09;;-14.772,62;;;
      406);;;06/03/26;Transfrencia entre cuentas;;;20.000,00;;;;5.227,38;;;
      477);;;25/03/26;Transfrencia entre cuentas Santander a Banco Macro;;;1.700.000,00;;;;1.705.227,38;;;
      484);;;25/03/26;Pago Prestamo Macro-Cuota 11;;;;;1.616.863,80;;88.363,58;;;
      516);;;31/03/26;Gastos Bancarios - Banco Macro;;;;;9.719,24;;78.644,34;;;
      518);;;31/03/26;Pagos: s/ O.Pago Nş6235 - BANCO MACRO CTA CTE;;;;;74.964,07;;3.680,27;;;
      697);;;30/04/26;Gastos Bancarios - Banco Macro;;;;;439,23;;3.241,04;;;
      699);;;30/04/26;Pagos: s/ O.Pago Nş6236 - BANCO MACRO CTA CTE;;;;;72.782,37;;-69.541,33;;;
      736);;;04/05/26;Movimientos Banco Macro;;;;;616,43;;-70.157,76;;;
;;;;;;;5.191.000,00;;5.261.157,76;;;;;
;;;;;;;;;;;;;;
01.01.01.15 - BANCO FRANCES (A);;;;;;;;;;;;;;
Asiento Nş;;;Fecha;Concepto;;;Debe;;Haber;;Saldo;;;
      1);;;01/01/26;Automático: Asiento de Inicio;;;63.888,67;;;;63.888,67;;;
      44);;;02/01/26;Transfrencia entre cuentas;;;2.850.000,00;;;;2.913.888,67;;;
      54);;;02/01/26;Pago Cuota Nro 11 - Prestamo;;;;;714.299,40;;2.199.589,27;;;
      55);;;02/01/26;Pagos: s/ O.Pago Nş6216 - BANCO BBVA ARGENTINA;;;;;2.126.600,30;;72.988,97;;;
      56);;;02/01/26;Pagos: s/ O.Pago Nş6258 - BANCO BBVA ARGENTINA;;;;;6.774.327,69;;-6.701.338,72;;;
      57);;;02/01/26;Reversion Gastos Bancarios;;;6.774.327,69;;;;72.988,97;;;
      128);;;19/01/26;Transfrencia entre cuentas;;;50.000,00;;;;122.988,97;;;
      161);;;23/01/26;Transfrencia entre cuentas;;;3.000.000,00;;;;3.122.988,97;;;
      178);;;28/01/26;Pagos: s/ O.Pago Nş6217 - BANCO BBVA ARGENTINA;;;;;2.076.818,93;;1.046.170,04;;;
      181);;;29/01/26;Pago cuota Nro 12;;;;;738.704,60;;307.465,44;;;
      201);;;31/01/26;Gastos Bancarios Banco Frances;;;;;34.451,24;;273.014,20;;;
      202);;;31/01/26;Pagos: s/ O.Pago Nş6220 - BANCO BBVA ARGENTINA;;;;;77.668,96;;195.345,24;;;
      346);;;28/02/26;Gastos Bancarios Banco Frances;;;;;463,84;;194.881,40;;;
      347);;;28/02/26;Pagos: s/ O.Pago Nş6221 - BANCO BBVA ARGENTINA;;;;;75.232,54;;119.648,86;;;
      405);;;06/03/26;Transfrencia entre cuentas;;;2.900.000,00;;;;3.019.648,86;;;
      411);;;06/03/26;Pago cuota Nro 13;;;;;763.943,70;;2.255.705,16;;;
      412);;;06/03/26;Pagos: s/ O.Pago Nş6218 - BANCO BBVA ARGENTINA;;;;;2.080.904,53;;174.800,63;;;
      482);;;25/03/26;Extraccion de efectivo;;;;;1.000,00;;173.800,63;;;
      511);;;31/03/26;Gastos Bancarios Banco Frances;;;;;17.521,12;;156.279,51;;;
      512);;;31/03/26;Pagos: s/ O.Pago Nş6222 - BANCO BBVA ARGENTINA;;;;;74.340,00;;81.939,51;;;
      601);;;08/04/26;Pago cuota Nro 14;;;;;790.045,11;;-708.105,60;;;
      603);;;08/04/26;Transfrencias entre cuentas - Santander a Frances;;;2.950.000,00;;;;2.241.894,40;;;
      606);;;08/04/26;Pagos: s/ O.Pago Nş6219 - BANCO BBVA ARGENTINA;;;;;2.072.982,97;;168.911,43;;;
      617);;;10/04/26;Cobros: s/ Rec. Nş200010046 - OSPILM;;;3.345.629,91;;;;3.514.541,34;;;
      634);;;16/04/26;Cobros: s/ Rec. Nş200010047 - OSLERA;;;343.943,97;;;;3.858.485,31;;;
      643);;;20/04/26;Cobros: s/ Rec. Nş200010050 - OBRA SOCIAL DEL PERSONAL MUNICIPAL DE AVELL;;;6.455.350,00;;;;10.313.835,31;;;
      645);;;20/04/26;Cobros: s/ Rec. Nş200010051 - APDIS;;;2.402.259,08;;;;12.716.094,39;;;
      646);;;20/04/26;Cobros: s/ Rec. Nş200010048 - OSPERYHRA;;;1.281.946,11;;;;13.998.040,50;;;
      647);;;20/04/26;Cobros: s/ Rec. Nş200010049 - OSPERYHRA;;;571.640,34;;;;14.569.680,84;;;
      648);;;21/04/26;Pagos: s/ O.Pago Nş6204 - RODRIGUEZ PILAR;;;;;1.961.410,00;;12.608.270,84;;;
      649);;;21/04/26;Pagos: s/ O.Pago Nş6205 - SANDJIAN & ASOCIADOS;;;;;3.835.700,00;;8.772.570,84;;;
      650);;;21/04/26;Recupero Saldo a Favor IIBB;;;11.433.219,28;;;;20.205.790,12;;;
      651);;;21/04/26;Pagos: s/ O.Pago Nş6203 - NUBI S.A.;;;;;92.375,01;;20.113.415,11;;;
      653);;;23/04/26;Cobros: s/ Rec. Nş200010054 - GEA S.A.;;;1.443.890,59;;;;21.557.305,70;;;
      654);;;23/04/26;Pagos: s/ O.Pago Nş6206 - DAURAT MERCEDES MARIA;;;;;6.050.000,00;;15.507.305,70;;;
      655);;;23/04/26;Pagos: s/ O.Pago Nş6207 - WNS & ASOCIADOS S.R.L.;;;;;2.256.287,00;;13.251.018,70;;;
      656);;;23/04/26;Pagos: s/ O.Pago Nş6208 - MINDER S A;;;;;59.584,21;;13.191.434,49;;;
      657);;;23/04/26;Pagos: s/ O.Pago Nş6209 - FABIOLA LANDIN;;;;;726.000,00;;12.465.434,49;;;
      659);;;23/04/26;Cobros: s/ Rec. Nş200010053 - SUTERH;;;2.282.531,14;;;;14.747.965,63;;;
      661);;;24/04/26;Cobros: s/ Rec. Nş200010055 - FATERYH;;;10.836.985,15;;;;25.584.950,78;;;
      662);;;24/04/26;Pagos: s/ O.Pago Nş6210 - MERCEDES FRATTINI;;;;;2.547.986,80;;23.036.963,98;;;
      664);;;24/04/26;Pagos: s/ O.Pago Nş6211 - MAGNALDI DIEGO FERNANDO;;;;;552.000,00;;22.484.963,98;;;
      665);;;24/04/26;Pagos: s/ O.Pago Nş6212 - SANTA FE COMERCIAL SOCIEDAD DE RESPONSAB;;;;;567.064,83;;21.917.899,15;;;
      670);;;28/04/26;Pagos: s/ O.Pago Nş6213 - ANDREACCHIO RODOLFO;;;;;900.000,00;;21.017.899,15;;;
      671);;;28/04/26;Pagos: s/ O.Pago Nş6214 - FABIOLA LANDIN;;;;;1.452.000,00;;19.565.899,15;;;
      672);;;28/04/26;Pagos: s/ O.Pago Nş6215 - GOLAWARE S.R.L.;;;;;734.349,00;;18.831.550,15;;;
      674);;;28/04/26;Cobros: s/ Rec. Nş200010059 - OSPERYHRA;;;6.360.662,97;;;;25.192.213,12;;;
      678);;;28/04/26;Transferencias entre cuentas - Frances a Galicia;;;;;21.650.000,00;;3.542.213,12;;;
      679);;;28/04/26;Extraccion de efectivo;;;;;3.000.000,00;;542.213,12;;;
      690);;;30/04/26;Gastos Bancarios Banco Frances;;;;;433.315,13;;108.897,99;;;
      691);;;30/04/26;Pagos: s/ O.Pago Nş6223 - BANCO BBVA ARGENTINA;;;;;79.059,00;;29.838,99;;;
      738);;;04/05/26;movimientos Banco Frances;;;;;75.489,50;;-45.650,51;;;
      768);;;06/05/26;Cobros: s/ Rec. Nş200010060 - MEDICAL SERVICIOS DE SALUD SRL;;;2.731.309,38;;;;2.685.658,87;;;
      771);;;07/05/26;Cobros: s/ Rec. Nş200010061 - OSBARA;;;41.109,75;;;;2.726.768,62;;;
      776);;;08/05/26;Cobros: s/ Rec. Nş200010062 - OSPERYH;;;10.631.632,14;;;;13.358.400,76;;;
      777);;;08/05/26;Cobros: s/ Rec. Nş200010063 - OSPERYH;;;2.661.880,44;;;;16.020.281,20;;;
      778);;;08/05/26;Pagos: s/ O.Pago Nş6264 - MANTESE JUAN JOSE;;;;;2.500.000,00;;13.520.281,20;;;
      779);;;08/05/26;Pagos: s/ O.Pago Nş6265 - KOUTOUDJIAN NATALIA INES;;;;;4.000.000,00;;9.520.281,20;;;
      785);;;08/05/26;Pagos: s/ O.Pago Nş6266 - LUCAS LEONARDO EIROS;;;;;3.000.000,00;;6.520.281,20;;;
      791);;;11/05/26;Cobros: s/ Rec. Nş200010064 - OS PRENSA ROSARIO;;;2.223.436,89;;;;8.743.718,09;;;
      794);;;11/05/26;Pagos: s/ O.Pago Nş6268 - ROSETTI OMAR JORGE OCTAVIO;;;;;15.000,00;;8.728.718,09;;;
      795);;;11/05/26;Pagos: s/ O.Pago Nş6269 - CAU ANALIA CLAUDIA;;;;;1.650.000,00;;7.078.718,09;;;
      801);;;13/05/26;Comisiones Bancarias Frances;;;;;209.009,65;;6.869.708,44;;;
      803);;;14/05/26;Cobros: s/ Rec. Nş200010068 - OSPERYHRA;;;571.640,34;;;;7.441.348,78;;;
      809);;;19/05/26;Cobros: s/ Rec. Nş200010070 - MEDICAL SERVICIOS DE SALUD SRL;;;1.548.882,80;;;;8.990.231,58;;;
      810);;;20/05/26;Cobros: s/ Rec. Nş200010071 - OSLERA;;;356.434,36;;;;9.346.665,94;;;
      811);;;21/05/26;Cobros: s/ Rec. Nş200010072 - OSPILM;;;6.825.882,92;;;;16.172.548,86;;;
      813);;;27/05/26;Cobros: s/ Rec. Nş200010074 - FATERYH;;;10.836.985,15;;;;27.009.534,01;;;
      814);;;27/05/26;Cobros: s/ Rec. Nş200010075 - OSPERYHRA;;;8.751.394,93;;;;35.760.928,94;;;
      815);;;27/05/26;Cobros: s/ Rec. Nş200010073 - GEA S.A.;;;1.437.081,34;;;;37.198.010,28;;;
      816);;;29/05/26;Cobros: s/ Rec. Nş200010076 - APDIS;;;3.264.205,42;;;;40.462.215,70;;;
      845);;;02/06/26;Cobros: s/ Rec. Nş200010077 - OSPERYH;;;47.557.096,73;;;;88.019.312,43;;;
;;;;;;;164.785.247,49;;76.765.935,06;;;;;
;;;;;;;;;;;;;;
01.01.01.16 - BANCO BRUBANK CTA CTE (A);;;;;;;;;;;;;;
Asiento Nş;;;Fecha;Concepto;;;Debe;;Haber;;Saldo;;;
      100);;;14/01/26;Transfrencia entre cuentas;;;30.000,00;;;;30.000,00;;;
      154);;;22/01/26;Transfrencia entre cuentas;;;1.535.000,00;;;;1.565.000,00;;;
      157);;;22/01/26;Pago Prestamo Brubank;;;;;1.535.000,00;;30.000,00;;;
      297);;;20/02/26;Transfrencia entre cuentas;;;1.560.000,00;;;;1.590.000,00;;;
      304);;;22/02/26;Pago Prestamo Brubank;;;;;1.560.000,00;;30.000,00;;;
      462);;;19/03/26;Transfrencia entre cuentas;;;1.575.000,00;;;;1.605.000,00;;;
      465);;;19/03/26;Pago Prestamo Brubank;;;;;1.575.000,00;;30.000,00;;;
      637);;;17/04/26;Transferencias entre cuentas - Santander a Brubank;;;1.550.000,00;;;;1.580.000,00;;;
      638);;;17/04/26;Pago Prestamo Brubank;;;;;1.580.000,00;;0,00;;;
;;;;;;;6.250.000,00;;6.250.000,00;;;;;
;;;;;;;;;;;;;;
01.01.02.01 - DEUDORES POR SERVICIOS (A);;;;;;;;;;;;;;
Asiento Nş;;;Fecha;Concepto;;;Debe;;Haber;;Saldo;;;
      1);;;01/01/26;Automático: Asiento de Inicio;;;102.823.407,02;;;;102.823.407,02;;;
      11);;;02/01/26;Ventas: s/F A  Nş 00003-00000498 - GEA S.A.;;;1.396.662,31;;;;104.220.069,33;;;
      12);;;02/01/26;Ventas: s/F B  Nş 00003-00001018 - OBRA SOCIAL DEL PERSONAL MUNICIPAL DE;;;423.500,00;;;;104.643.569,33;;;
      13);;;02/01/26;Ventas: s/F B  Nş 00003-00001011 - OS PRENSA ROSARIO;;;954.837,97;;;;105.598.407,30;;;
      14);;;02/01/26;Ventas: s/F B  Nş 00003-00001012 - OS PRENSA ROSARIO;;;1.066.468,29;;;;106.664.875,59;;;
      15);;;02/01/26;Ventas: s/F B  Nş 00003-00001013 - O.S. DEL PER. DEL JOCKEY CLUB DE ROSAR;;;2.434.455,35;;;;109.099.330,94;;;
      16);;;02/01/26;Ventas: s/F B  Nş 00003-00001014 - O.S. DEL PER. DEL JOCKEY CLUB DE ROSAR;;;855.879,72;;;;109.955.210,66;;;
      17);;;02/01/26;Ventas: s/F B  Nş 00003-00001015 - OSPERYH;;;2.633.112,81;;;;112.588.323,47;;;
      18);;;02/01/26;Ventas: s/F B  Nş 00003-00001016 - OSPERYHRA;;;554.339,54;;;;113.142.663,01;;;
      19);;;02/01/26;Ventas: s/F B  Nş 00003-00001017 - FATERYH;;;10.532.451,23;;;;123.675.114,24;;;
      20);;;02/01/26;Ventas: s/F B  Nş 00003-00001019 - OBRA SOCIAL DEL PERSONAL MUNICIPAL DE;;;5.445.000,00;;;;129.120.114,24;;;
      21);;;02/01/26;Ventas: s/F B  Nş 00003-00001020 - SUTERH;;;2.217.358,15;;;;131.337.472,39;;;
      22);;;02/01/26;Ventas: s/NC B  Nş 00003-00000052 - OBRA SOCIAL DEL PERSONAL MUNICIPAL DE;;;;;423.500,00;;130.913.972,39;;;
      23);;;02/01/26;Ventas: s/F B  Nş 00003-00001021 - OBRA SOCIAL DEL PERSONAL MUNICIPAL DE;;;423.500,00;;;;131.337.472,39;;;
      24);;;02/01/26;Ventas: s/F B  Nş 00003-00001022 - OSPERYH;;;33.637.618,79;;;;164.975.091,18;;;
      25);;;02/01/26;Ventas: s/F B  Nş 00003-00001023 - OSPERYHRA;;;2.420.000,00;;;;167.395.091,18;;;
      26);;;02/01/26;Ventas: s/F A  Nş 00003-00000499 - ASSISTENCIAL SALUD S.A.;;;373.164,00;;;;167.768.255,18;;;
      27);;;02/01/26;Ventas: s/F A  Nş 00003-00000500 - MEDICAL SERVICIOS DE SALUD SRL;;;4.386.986,20;;;;172.155.241,38;;;
      28);;;02/01/26;Ventas: s/F B  Nş 00003-00001024 - OSPILM;;;944.030,37;;;;173.099.271,75;;;
      29);;;02/01/26;Ventas: s/F A  Nş 00003-00000501 - ASSISTENCIAL SALUD S.A.;;;3.610.614,66;;;;176.709.886,41;;;
      30);;;02/01/26;Ventas: s/F A  Nş 00003-00000502 - MEDICAL SERVICIOS DE SALUD SRL;;;2.117.652,00;;;;178.827.538,41;;;
      31);;;02/01/26;Ventas: s/F B  Nş 00003-00001025 - OSPILM;;;6.426.850,36;;;;185.254.388,77;;;
      32);;;02/01/26;Ventas: s/NC B  Nş 00003-00000053 - OSPILM;;;;;944.030,37;;184.310.358,40;;;
      33);;;02/01/26;Ventas: s/NC A  Nş 00003-00000030 - MEDICAL SERVICIOS DE SALUD SRL;;;;;4.386.986,20;;179.923.372,20;;;
      34);;;02/01/26;Ventas: s/F B  Nş 00003-00001026 - OSPILM;;;5.529.262,95;;;;185.452.635,15;;;
      75);;;07/01/26;Cobros: s/ Rec. Nş2093 - OS PRENSA ROSARIO;;;;;2.021.306,26;;183.431.328,89;;;
      77);;;08/01/26;Cobros: s/ Rec. Nş2097 - OSPERYHRA;;;;;554.339,54;;182.876.989,35;;;
      80);;;09/01/26;Cobros: s/ Rec. Nş2095 - O.S. DEL PER. DEL JOCKEY CLUB DE ROSARIO;;;;;3.290.335,07;;179.586.654,28;;;
      97);;;13/01/26;Cobros: s/ Rec. Nş2096 - ASSISTENCIAL SALUD S.A.;;;;;3.354.439,34;;176.232.214,94;;;
      103);;;15/01/26;Cobros: s/ Rec. Nş2098 - MEDICAL SERVICIOS DE SALUD SRL;;;;;2.048.929,20;;174.183.285,74;;;
      105);;;16/01/26;Ventas: s/F A  Nş 00003-00000503 - OSLERA;;;151.948,25;;;;174.335.233,99;;;
      106);;;16/01/26;Ventas: s/F A  Nş 00003-00000504 - APDIS;;;2.239.132,43;;;;176.574.366,42;;;
      107);;;16/01/26;Ventas: s/F B  Nş 00003-00001027 - OSPERYHRA;;;8.819.313,80;;;;185.393.680,22;;;
      108);;;16/01/26;Ventas: s/F B  Nş 00003-00001028 - OSPERYH;;;44.774.225,77;;;;230.167.905,99;;;
      109);;;16/01/26;Cobros: s/ Rec. Nş2099 - OBRA SOCIAL DEL PERSONAL MUNICIPAL DE AVELLANEDA;;;;;5.868.500,00;;224.299.405,99;;;
      123);;;19/01/26;Cobros: s/ Rec. Nş2100 - OSPERYH;;;;;40.861.416,16;;183.437.989,83;;;
      140);;;20/01/26;Cobros: s/ Rec. Nş2101 - OSPILM;;;;;11.956.113,31;;171.481.876,52;;;
      141);;;20/01/26;Cobros: s/ Rec. Nş2102 - FATERYH;;;;;10.532.451,23;;160.949.425,29;;;
      142);;;20/01/26;Cobros: s/ Rec. Nş2103 - OSPERYHRA;;;;;2.420.000,00;;158.529.425,29;;;
      146);;;21/01/26;Cobros: s/ Rec. Nş2104 - OSLERA;;;;;151.948,25;;158.377.477,04;;;
      152);;;22/01/26;Cobros: s/ Rec. Nş2105 - OSPERYH;;;;;44.991.757,39;;113.385.719,65;;;
      158);;;23/01/26;Cobros: s/ Rec. Nş2106 - GEA S.A.;;;;;1.396.662,31;;111.989.057,34;;;
      173);;;28/01/26;Cobros: s/ Rec. Nş200010012 - ASSISTENCIAL SALUD S.A.;;;;;373.164,00;;111.615.893,34;;;
      176);;;28/01/26;Cobros: s/ Rec. Nş200010011 - OSPERYH;;;;;2.633.112,81;;108.982.780,53;;;
      177);;;28/01/26;Cobros: s/ Rec. Nş200010010 - OSPERYH;;;;;33.637.618,79;;75.345.161,74;;;
      179);;;29/01/26;Cobros: s/ Rec. Nş200010013 - MEDICAL SERVICIOS DE SALUD SRL;;;;;2.584.170,11;;72.760.991,63;;;
      180);;;29/01/26;Cobros: s/ Rec. Nş200010014 - APDIS;;;;;2.239.132,43;;70.521.859,20;;;
      208);;;01/02/26;Ventas: s/NC A  Nş 00003-00000031 - GEA S.A.;;;;;1.396.662,31;;69.125.196,89;;;
      219);;;01/02/26;Ventas: s/F A  Nş 00003-00000505 - GEA S.A.;;;1.396.662,31;;;;70.521.859,20;;;
      220);;;01/02/26;Ventas: s/F B  Nş 00003-00001029 - OS PRENSA ROSARIO;;;954.837,97;;;;71.476.697,17;;;
      221);;;01/02/26;Ventas: s/F B  Nş 00003-00001030 - OS PRENSA ROSARIO;;;1.066.468,29;;;;72.543.165,46;;;
      222);;;01/02/26;Ventas: s/F B  Nş 00003-00001031 - O.S. DEL PER. DEL JOCKEY CLUB DE ROSAR;;;2.434.455,35;;;;74.977.620,81;;;
      223);;;01/02/26;Ventas: s/F B  Nş 00003-00001032 - O.S. DEL PER. DEL JOCKEY CLUB DE ROSAR;;;855.879,72;;;;75.833.500,53;;;
      224);;;01/02/26;Ventas: s/F B  Nş 00003-00001033 - OSPERYH;;;2.633.112,81;;;;78.466.613,34;;;
      225);;;01/02/26;Ventas: s/F B  Nş 00003-00001034 - OSPERYHRA;;;554.339,54;;;;79.020.952,88;;;
      226);;;01/02/26;Ventas: s/F B  Nş 00003-00001035 - FATERYH;;;10.532.451,23;;;;89.553.404,11;;;
      227);;;01/02/26;Ventas: s/F B  Nş 00003-00001036 - SUTERH;;;2.217.358,15;;;;91.770.762,26;;;
      228);;;01/02/26;Ventas: s/F B  Nş 00003-00001037 - OBRA SOCIAL DEL PERSONAL MUNICIPAL DE;;;423.500,00;;;;92.194.262,26;;;
      229);;;01/02/26;Ventas: s/F B  Nş 00003-00001038 - OBRA SOCIAL DEL PERSONAL MUNICIPAL DE;;;5.445.000,00;;;;97.639.262,26;;;
      244);;;03/02/26;Cobros: s/ Rec. Nş200010015 - OS PRENSA ROSARIO;;;;;2.021.306,26;;95.617.956,00;;;
      248);;;04/02/26;Ventas: s/F A  Nş 00003-00000506 - ASSISTENCIAL SALUD S.A.;;;3.248.768,57;;;;98.866.724,57;;;
      249);;;04/02/26;Ventas: s/F A  Nş 00003-00000507 - MEDICAL SERVICIOS DE SALUD SRL;;;2.045.005,39;;;;100.911.729,96;;;
      250);;;04/02/26;Ventas: s/F A  Nş 00003-00000508 - GEA S.A.;;;1.435.768,85;;;;102.347.498,81;;;
      251);;;04/02/26;Ventas: s/F B  Nş 00003-00001039 - OSPILM;;;6.258.474,78;;;;108.605.973,59;;;
      268);;;10/02/26;Cobros: s/ Rec. Nş200010016 - O.S. DEL PER. DEL JOCKEY CLUB DE ROSARIO;;;;;3.290.335,07;;105.315.638,52;;;
      284);;;18/02/26;Ventas: s/F A  Nş 00003-00000509 - OSLERA;;;545.994,83;;;;105.861.633,35;;;
      285);;;18/02/26;Ventas: s/F A  Nş 00003-00000510 - APDIS;;;2.432.336,59;;;;108.293.969,94;;;
      286);;;18/02/26;Ventas: s/F A  Nş 00003-00000511 - OSLERA;;;545.994,83;;;;108.839.964,77;;;
      287);;;18/02/26;Ventas: s/F B  Nş 00003-00001040 - OSPERYH;;;50.151.360,51;;;;158.991.325,28;;;
      288);;;18/02/26;Ventas: s/F B  Nş 00003-00001041 - OSPERYHRA;;;10.130.413,35;;;;169.121.738,63;;;
      289);;;18/02/26;Ventas: s/NC A  Nş 00003-00000032 - OSLERA;;;;;545.994,83;;168.575.743,80;;;
      294);;;18/02/26;Cobros: s/ Rec. Nş200010017 - OSPILM;;;;;6.258.474,78;;162.317.269,02;;;
      303);;;20/02/26;Cobros: s/ Rec. Nş200010018 - GEA S.A.;;;;;1.396.661,81;;160.920.607,21;;;
      306);;;23/02/26;Cobros: s/ Rec. Nş200010021 - ASSISTENCIAL SALUD S.A.;;;;;3.983.778,66;;156.936.828,55;;;
      309);;;23/02/26;Cobros: s/ Rec. Nş200010020 - SUTERH;;;;;2.108.013,60;;154.828.814,95;;;
      310);;;23/02/26;Cobros: s/ Rec. Nş200010019 - OSPERYHRA;;;;;8.819.313,80;;146.009.501,15;;;
      314);;;24/02/26;Cobros: s/ Rec. Nş200010022 - OBRA SOCIAL DEL PERSONAL MUNICIPAL DE AVELL;;;;;5.868.500,00;;140.141.001,15;;;
      316);;;24/02/26;Cobros: s/ Rec. Nş200010023 - OSPERYH;;;;;44.774.225,77;;95.366.775,38;;;
      330);;;27/02/26;Cobros: s/ Rec. Nş200010024 - APDIS;;;;;2.432.336,59;;92.934.438,79;;;
      353);;;01/03/26;Ventas: s/F A  Nş 00003-00000512 - GEA S.A.;;;1.474.972,20;;;;94.409.410,99;;;
      354);;;01/03/26;Ventas: s/F A  Nş 00003-00000513 - ASSISTENCIAL SALUD S.A.;;;3.857.074,61;;;;98.266.485,60;;;
      355);;;01/03/26;Ventas: s/F A  Nş 00003-00000514 - MEDICAL SERVICIOS DE SALUD SRL;;;2.731.309,38;;;;100.997.794,98;;;
      356);;;01/03/26;Ventas: s/F B  Nş 00003-00001042 - OS PRENSA ROSARIO;;;1.050.321,77;;;;102.048.116,75;;;
      357);;;01/03/26;Ventas: s/F B  Nş 00003-00001043 - OS PRENSA ROSARIO;;;1.173.115,12;;;;103.221.231,87;;;
      358);;;01/03/26;Ventas: s/F B  Nş 00003-00001044 - O.S. DEL PER. DEL JOCKEY CLUB DE ROSAR;;;2.677.900,89;;;;105.899.132,76;;;
      359);;;01/03/26;Ventas: s/F B  Nş 00003-00001045 - O.S. DEL PER. DEL JOCKEY CLUB DE ROSAR;;;941.467,69;;;;106.840.600,45;;;
      360);;;01/03/26;Ventas: s/F B  Nş 00003-00001046 - OSPERYH;;;2.764.194,33;;;;109.604.794,78;;;
      361);;;01/03/26;Ventas: s/F B  Nş 00003-00001047 - OSPERYHRA;;;581.935,65;;;;110.186.730,43;;;
      362);;;01/03/26;Ventas: s/F B  Nş 00003-00001048 - FATERYH;;;11.056.777,30;;;;121.243.507,73;;;
      363);;;01/03/26;Ventas: s/F B  Nş 00003-00001049 - SUTERH;;;2.327.742,59;;;;123.571.250,32;;;
      364);;;01/03/26;Ventas: s/F B  Nş 00003-00001050 - OBRA SOCIAL DEL PERSONAL MUNICIPAL DE;;;465.850,00;;;;124.037.100,32;;;
      365);;;01/03/26;Ventas: s/F B  Nş 00003-00001051 - OBRA SOCIAL DEL PERSONAL MUNICIPAL DE;;;5.989.500,00;;;;130.026.600,32;;;
      366);;;01/03/26;Ventas: s/F B  Nş 00003-00001052 - OSPILM;;;7.126.179,28;;;;137.152.779,60;;;
      377);;;02/03/26;Cobros: s/ Rec. Nş200010026 - MEDICAL SERVICIOS DE SALUD SRL;;;;;2.117.652,00;;135.035.127,60;;;
      384);;;02/03/26;Cobros: s/ Rec. Nş200010025 - OSLERA;;;;;545.994,83;;134.489.132,77;;;
      391);;;04/03/26;Cobros: s/ Rec. Nş200010027 - OSPERYHRA;;;;;10.684.752,89;;123.804.379,88;;;
      392);;;04/03/26;Cobros: s/ Rec. Nş200010028 - OS PRENSA ROSARIO;;;;;2.021.306,26;;121.783.073,62;;;
      421);;;10/03/26;Cobros: s/ Rec. Nş200010029 - ASSISTENCIAL SALUD S.A.;;;;;3.248.768,57;;118.534.305,05;;;
      427);;;11/03/26;Cobros: s/ Rec. Nş200010031 - SUTERH;;;;;2.217.358,15;;116.316.946,90;;;
      428);;;11/03/26;Cobros: s/ Rec. Nş200010030 - O.S. DEL PER. DEL JOCKEY CLUB DE ROSARIO;;;;;3.619.368,58;;112.697.578,32;;;
      441);;;13/03/26;Cobros: s/ Rec. Nş200010032 - FATERYH;;;;;10.532.451,23;;102.165.127,09;;;
      442);;;13/03/26;Cobros: s/ Rec. Nş200010033 - OSPERYHRA;;;;;581.935,65;;101.583.191,44;;;
      445);;;15/03/26;Ventas: s/F A  Nş 00003-00000515 - APDIS;;;989.756,88;;;;102.572.948,32;;;
      446);;;15/03/26;Ventas: s/F A  Nş 00003-00000516 - OSLERA;;;237.082,63;;;;102.810.030,95;;;
      447);;;15/03/26;Ventas: s/F B  Nş 00003-00001053 - OSPERYH;;;21.203.848,14;;;;124.013.879,09;;;
      448);;;15/03/26;Ventas: s/F B  Nş 00003-00001054 - OSPERYHRA;;;3.134.843,42;;;;127.148.722,51;;;
      456);;;18/03/26;Cobros: s/ Rec. Nş200010034 - OSPILM;;;;;7.126.179,28;;120.022.543,23;;;
      457);;;18/03/26;Cobros: s/ Rec. Nş200010035 - OSLERA;;;;;237.082,63;;119.785.460,60;;;
      458);;;18/03/26;Cobros: s/ Rec. Nş200010036 - SUTERH;;;;;2.217.358,14;;117.568.102,46;;;
      467);;;20/03/26;Cobros: s/ Rec. Nş200010037 - APDIS;;;;;989.756,88;;116.578.345,58;;;
      468);;;20/03/26;Cobros: s/ Rec. Nş200010039 - FATERYH;;;;;11.056.777,30;;105.521.568,28;;;
      469);;;20/03/26;Cobros: s/ Rec. Nş200010038 - GEA S.A.;;;;;1.474.972,20;;104.046.596,08;;;
      486);;;26/03/26;Cobros: s/ Rec. Nş200010040 - OBRA SOCIAL DEL PERSONAL MUNICIPAL DE AVELL;;;;;6.455.350,00;;97.591.246,08;;;
      490);;;27/03/26;Cobros: s/ Rec. Nş200010041 - SUTERH;;;;;2.217.358,15;;95.373.887,93;;;
      527);;;01/04/26;Ventas: s/F A  Nş 00003-00000518 - MEDICAL SERVICIOS DE SALUD SRL;;;1.548.882,80;;;;96.922.770,73;;;
      528);;;01/04/26;Ventas: s/F A  Nş 00003-00000519 - ASSISTENCIAL SALUD S.A.;;;1.477.595,53;;;;98.400.366,26;;;
      529);;;01/04/26;Ventas: s/F B  Nş 00003-00001055 - OS PRENSA ROSARIO;;;1.050.321,77;;;;99.450.688,03;;;
      530);;;01/04/26;Ventas: s/F B  Nş 00003-00001056 - OS PRENSA ROSARIO;;;1.173.115,12;;;;100.623.803,15;;;
      531);;;01/04/26;Ventas: s/F B  Nş 00003-00001057 - O.S. DEL PER. DEL JOCKEY CLUB DE ROSAR;;;2.677.900,89;;;;103.301.704,04;;;
      532);;;01/04/26;Ventas: s/F B  Nş 00003-00001058 - O.S. DEL PER. DEL JOCKEY CLUB DE ROSAR;;;941.467,69;;;;104.243.171,73;;;
      533);;;01/04/26;Ventas: s/F B  Nş 00003-00001059 - OSPERYH;;;2.764.194,33;;;;107.007.366,06;;;
      534);;;01/04/26;Ventas: s/F B  Nş 00003-00001060 - OSPERYHRA;;;581.935,65;;;;107.589.301,71;;;
      535);;;01/04/26;Ventas: s/F B  Nş 00003-00001062 - SUTERH;;;2.327.742,59;;;;109.917.044,30;;;
      536);;;01/04/26;Ventas: s/F B  Nş 00003-00001063 - OBRA SOCIAL DEL PERSONAL MUNICIPAL DE;;;465.850,00;;;;110.382.894,30;;;
      537);;;01/04/26;Ventas: s/F B  Nş 00003-00001064 - OBRA SOCIAL DEL PERSONAL MUNICIPAL DE;;;5.989.500,00;;;;116.372.394,30;;;
      538);;;01/04/26;Ventas: s/F B  Nş 00003-00001065 - OSPERYH;;;11.045.851,57;;;;127.418.245,87;;;
      539);;;01/04/26;Ventas: s/F B  Nş 00003-00001066 - OSPERYHRA;;;1.308.108,28;;;;128.726.354,15;;;
      540);;;01/04/26;Ventas: s/F B  Nş 00003-00001067 - OSPILM;;;3.412.537,26;;;;132.138.891,41;;;
      541);;;01/04/26;Ventas: s/F A  Nş 00003-00000517 - GEA S.A.;;;1.474.972,20;;;;133.613.863,61;;;
      542);;;01/04/26;Ventas: s/F B  Nş 00003-00001061 - FATERYH;;;11.056.777,30;;;;144.670.640,91;;;
      571);;;01/04/26;Cobros: s/ Rec. Nş200010042 - OSPERYH;;;;;21.203.848,14;;123.466.792,77;;;
      587);;;06/04/26;Cobros: s/ Rec. Nş200010043 - O.S. DEL PER. DEL JOCKEY CLUB DE ROSARIO;;;;;3.619.368,58;;119.847.424,19;;;
      600);;;08/04/26;Cobros: s/ Rec. Nş200010044 - OSPERYHRA;;;;;3.134.843,42;;116.712.580,77;;;
      617);;;10/04/26;Cobros: s/ Rec. Nş200010046 - OSPILM;;;;;3.412.537,26;;113.300.043,51;;;
      618);;;10/04/26;Cobros: s/ Rec. Nş200010045 - OSPERYH;;;;;50.151.360,51;;63.148.683,00;;;
      631);;;15/04/26;Ventas: s/F B  Nş 00003-00001068 - OSPERYH;;;49.409.970,63;;;;112.558.653,63;;;
      632);;;15/04/26;Ventas: s/F B  Nş 00003-00001069 - OSPERYHRA;;;6.490.472,42;;;;119.049.126,05;;;
      634);;;16/04/26;Cobros: s/ Rec. Nş200010047 - OSLERA;;;;;369.904,96;;118.679.221,09;;;
      643);;;20/04/26;Cobros: s/ Rec. Nş200010050 - OBRA SOCIAL DEL PERSONAL MUNICIPAL DE AVELL;;;;;6.455.350,00;;112.223.871,09;;;
      644);;;20/04/26;Cobros: s/ Rec. Nş200010052 - OS PRENSA ROSARIO;;;;;2.223.436,89;;110.000.434,20;;;
      645);;;20/04/26;Cobros: s/ Rec. Nş200010051 - APDIS;;;;;2.441.267,20;;107.559.167,00;;;
      646);;;20/04/26;Cobros: s/ Rec. Nş200010048 - OSPERYHRA;;;;;1.308.108,28;;106.251.058,72;;;
      647);;;20/04/26;Cobros: s/ Rec. Nş200010049 - OSPERYHRA;;;;;581.935,65;;105.669.123,07;;;
      652);;;22/04/26;Cobros: s/ Rec. Nş200010057 - MEDICAL SERVICIOS DE SALUD SRL;;;;;2.045.005,39;;103.624.117,68;;;
      653);;;23/04/26;Cobros: s/ Rec. Nş200010054 - GEA S.A.;;;;;1.474.972,20;;102.149.145,48;;;
      659);;;23/04/26;Cobros: s/ Rec. Nş200010053 - SUTERH;;;;;2.327.742,59;;99.821.402,89;;;
      661);;;24/04/26;Cobros: s/ Rec. Nş200010055 - FATERYH;;;;;11.056.777,30;;88.764.625,59;;;
      673);;;28/04/26;Cobros: s/ Rec. Nş200010058 - ASSISTENCIAL SALUD S.A.;;;;;3.857.074,61;;84.907.550,98;;;
      674);;;28/04/26;Cobros: s/ Rec. Nş200010059 - OSPERYHRA;;;;;6.490.472,42;;78.417.078,56;;;
      716);;;30/04/26;Ventas: s/F A  Nş 00003-00000520 - APDIS;;;2.441.267,20;;;;80.858.345,76;;;
      717);;;30/04/26;Ventas: s/F A  Nş 00003-00000521 - OSLERA;;;369.904,96;;;;81.228.250,72;;;
      740);;;05/05/26;Ventas: s/F A  Nş 00003-00000522 - GEA S.A.;;;1.474.972,20;;;;82.703.222,92;;;
      741);;;05/05/26;Ventas: s/F A  Nş 00003-00000524 - CAMPSIC;;;29.040,00;;;;82.732.262,92;;;
      742);;;05/05/26;Ventas: s/F A  Nş 00003-00000525 - MEDICAL SERVICIOS DE SALUD SRL;;;212.587,32;;;;82.944.850,24;;;
      743);;;05/05/26;Ventas: s/F B  Nş 00003-00001070 - OS PRENSA ROSARIO;;;1.050.321,77;;;;83.995.172,01;;;
      744);;;05/05/26;Ventas: s/F B  Nş 00003-00001071 - OS PRENSA ROSARIO;;;1.173.115,12;;;;85.168.287,13;;;
      745);;;05/05/26;Ventas: s/F B  Nş 00003-00001072 - O.S. DEL PER. DEL JOCKEY CLUB DE ROSAR;;;2.677.900,89;;;;87.846.188,02;;;
      746);;;05/05/26;Ventas: s/F B  Nş 00003-00001073 - O.S. DEL PER. DEL JOCKEY CLUB DE ROSAR;;;941.467,69;;;;88.787.655,71;;;
      747);;;05/05/26;Ventas: s/F B  Nş 00003-00001074 - OSPERYH;;;2.764.194,33;;;;91.551.850,04;;;
      748);;;05/05/26;Ventas: s/F B  Nş 00003-00001075 - OSPERYHRA;;;581.935,65;;;;92.133.785,69;;;
      749);;;05/05/26;Ventas: s/F B  Nş 00003-00001076 - FATERYH;;;11.056.777,30;;;;103.190.562,99;;;
      750);;;05/05/26;Ventas: s/F B  Nş 00003-00001077 - SUTERH;;;2.327.742,59;;;;105.518.305,58;;;
      751);;;05/05/26;Ventas: s/F B  Nş 00003-00001078 - OBRA SOCIAL DEL PERSONAL MUNICIPAL DE;;;465.850,00;;;;105.984.155,58;;;
      752);;;05/05/26;Ventas: s/F B  Nş 00003-00001080 - O.S. DEL PER. DEL JOCKEY CLUB DE ROSAR;;;144.600,44;;;;106.128.756,02;;;
      753);;;05/05/26;Ventas: s/F B  Nş 00003-00001081 - OSBARA;;;41.109,75;;;;106.169.865,77;;;
      754);;;05/05/26;Ventas: s/F B  Nş 00003-00001082 - OSPERYH;;;8.069.628,63;;;;114.239.494,40;;;
      755);;;05/05/26;Ventas: s/F B  Nş 00003-00001083 - OSPERYHRA;;;8.929.994,83;;;;123.169.489,23;;;
      756);;;05/05/26;Ventas: s/F A  Nş 00003-00000526 - MEDICAL SERVICIOS DE SALUD SRL;;;3.303.935,41;;;;126.473.424,64;;;
      757);;;05/05/26;Ventas: s/F A  Nş 00003-00000527 - ASSISTENCIAL SALUD S.A.;;;3.144.202,85;;;;129.617.627,49;;;
      758);;;05/05/26;Ventas: s/F A  Nş 00003-00000528 - APDIS;;;2.857.440,24;;;;132.475.067,73;;;
      759);;;05/05/26;Ventas: s/F A  Nş 00003-00000529 - OSLERA;;;384.162,86;;;;132.859.230,59;;;
      760);;;05/05/26;Ventas: s/F B  Nş 00003-00001084 - OSPILM;;;6.963.815,84;;;;139.823.046,43;;;
      761);;;05/05/26;Ventas: s/F A  Nş 00003-00000523 - APDIS;;;460.259,80;;;;140.283.306,23;;;
      765);;;05/05/26;Ventas: s/F B  Nş 00003-00001085 - OSPERYH;;;61.323.391,54;;;;201.606.697,77;;;
      766);;;05/05/26;Ventas: s/F B  Nş 00003-00001079 - OBRA SOCIAL DEL PERSONAL MUNICIPAL DE;;;5.989.500,00;;;;207.596.197,77;;;
      768);;;06/05/26;Cobros: s/ Rec. Nş200010060 - MEDICAL SERVICIOS DE SALUD SRL;;;;;2.731.309,38;;204.864.888,39;;;
      771);;;07/05/26;Cobros: s/ Rec. Nş200010061 - OSBARA;;;;;41.109,75;;204.823.778,64;;;
      774);;;07/05/26;Cobros: s/ Rec. Nş200010066 - OSPERYH;;;;;2.633.112,81;;202.190.665,83;;;
      776);;;08/05/26;Cobros: s/ Rec. Nş200010062 - OSPERYH;;;;;11.045.851,57;;191.144.814,26;;;
      777);;;08/05/26;Cobros: s/ Rec. Nş200010063 - OSPERYH;;;;;2.764.194,33;;188.380.619,93;;;
      780);;;08/05/26;Cobros: s/ Rec. Nş200010067 - OSPERYH;;;;;2.764.194,33;;185.616.425,60;;;
      781);;;08/05/26;Ventas: s/NC A  Nş 00003-00000033 - APDIS;;;;;2.857.440,24;;182.758.985,36;;;
      782);;;08/05/26;Ventas: s/NC A  Nş 00003-00000034 - OSLERA;;;;;384.162,86;;182.374.822,50;;;
      783);;;08/05/26;Ventas: s/NC B  Nş 00003-00000054 - OSPERYH;;;;;61.323.391,54;;121.051.430,96;;;
      791);;;11/05/26;Cobros: s/ Rec. Nş200010064 - OS PRENSA ROSARIO;;;;;2.223.436,89;;118.827.994,07;;;
      796);;;12/05/26;Cobros: s/ Rec. Nş200010065 - CAMPSIC;;;;;29.040,00;;118.798.954,07;;;
      803);;;14/05/26;Cobros: s/ Rec. Nş200010068 - OSPERYHRA;;;;;581.935,65;;118.217.018,42;;;
      804);;;15/05/26;Ventas: s/F B  Nş 00003-00001086 - OSPERYHRA;;;9.340.151,12;;;;127.557.169,54;;;
      805);;;15/05/26;Ventas: s/F A  Nş 00003-00000530 - APDIS;;;2.857.440,24;;;;130.414.609,78;;;
      806);;;15/05/26;Ventas: s/F A  Nş 00003-00000531 - OSLERA;;;384.162,86;;;;130.798.772,64;;;
      807);;;15/05/26;Ventas: s/F B  Nş 00003-00001087 - OSPERYH;;;61.323.391,54;;;;192.122.164,18;;;
      808);;;18/05/26;Cobros: s/ Rec. Nş200010069 - O.S. DEL PER. DEL JOCKEY CLUB DE ROSARIO;;;;;3.763.969,02;;188.358.195,16;;;
      809);;;19/05/26;Cobros: s/ Rec. Nş200010070 - MEDICAL SERVICIOS DE SALUD SRL;;;;;1.548.882,80;;186.809.312,36;;;
      810);;;20/05/26;Cobros: s/ Rec. Nş200010071 - OSLERA;;;;;384.162,86;;186.425.149,50;;;
      811);;;21/05/26;Cobros: s/ Rec. Nş200010072 - OSPILM;;;;;6.963.815,84;;179.461.333,66;;;
      813);;;27/05/26;Cobros: s/ Rec. Nş200010074 - FATERYH;;;;;11.056.777,30;;168.404.556,36;;;
      814);;;27/05/26;Cobros: s/ Rec. Nş200010075 - OSPERYHRA;;;;;8.929.994,83;;159.474.561,53;;;
      815);;;27/05/26;Cobros: s/ Rec. Nş200010073 - GEA S.A.;;;;;1.474.972,20;;157.999.589,33;;;
      816);;;29/05/26;Cobros: s/ Rec. Nş200010076 - APDIS;;;;;3.317.700,04;;154.681.889,29;;;
      817);;;01/06/26;Ventas: s/F A  Nş 00003-00000532 - GEA S.A.;;;1.610.079,65;;;;156.291.968,94;;;
      818);;;01/06/26;Ventas: s/F A  Nş 00003-00000533 - APDIS;;;89.491,60;;;;156.381.460,54;;;
      819);;;01/06/26;Ventas: s/F A  Nş 00003-00000534 - CAMPSIC;;;34.848,00;;;;156.416.308,54;;;
      820);;;01/06/26;Ventas: s/F A  Nş 00003-00000535 - OMINT S.A.;;;900.240,00;;;;157.316.548,54;;;
      821);;;01/06/26;Ventas: s/F A  Nş 00003-00000536 - MEDICAL SERVICIOS DE SALUD SRL;;;275.534,44;;;;157.592.082,98;;;
      822);;;01/06/26;Ventas: s/F A  Nş 00003-00000537 - MEDICAL SERVICIOS DE SALUD SRL;;;4.404.610,10;;;;161.996.693,08;;;
      823);;;01/06/26;Ventas: s/F A  Nş 00003-00000538 - ASSISTENCIAL SALUD S.A.;;;4.791.244,09;;;;166.787.937,17;;;
      824);;;01/06/26;Ventas: s/F B  Nş 00003-00001088 - OS PRENSA ROSARIO;;;1.155.353,94;;;;167.943.291,11;;;
      825);;;01/06/26;Ventas: s/F B  Nş 00003-00001089 - OS PRENSA ROSARIO;;;1.290.426,63;;;;169.233.717,74;;;
      826);;;01/06/26;Ventas: s/F B  Nş 00003-00001090 - OSPERYH;;;2.924.794,02;;;;172.158.511,76;;;
      827);;;01/06/26;Ventas: s/F B  Nş 00003-00001091 - OSPERYHRA;;;615.746,11;;;;172.774.257,87;;;
      828);;;01/06/26;Ventas: s/F B  Nş 00003-00001092 - FATERYH;;;11.699.176,07;;;;184.473.433,94;;;
      829);;;01/06/26;Ventas: s/F B  Nş 00003-00001093 - SUTERH;;;2.462.984,44;;;;186.936.418,38;;;
      830);;;01/06/26;Ventas: s/F B  Nş 00003-00001094 - OBRA SOCIAL DEL PERSONAL MUNICIPAL DE;;;508.521,86;;;;187.444.940,24;;;
      831);;;01/06/26;Ventas: s/F B  Nş 00003-00001095 - OBRA SOCIAL DEL PERSONAL MUNICIPAL DE;;;6.538.138,20;;;;193.983.078,44;;;
      832);;;01/06/26;Ventas: s/F B  Nş 00003-00001096 - OSBARA;;;50.783,70;;;;194.033.862,14;;;
      833);;;01/06/26;Ventas: s/F B  Nş 00003-00001097 - OSPERYH;;;31.807.088,50;;;;225.840.950,64;;;
      834);;;01/06/26;Ventas: s/F B  Nş 00003-00001098 - OSPERYHRA;;;563.739,00;;;;226.404.689,64;;;
      835);;;01/06/26;Ventas: s/F B  Nş 00003-00001099 - OSPILM;;;9.396.839,41;;;;235.801.529,05;;;
      836);;;01/06/26;Ventas: s/NC B  Nş 00003-00000055 - OMINT S.A.;;;;;90.024,00;;235.711.505,05;;;
      837);;;01/06/26;Ventas: s/F A  Nş 00003-00000539 - OMINT S.A.;;;90.024,00;;;;235.801.529,05;;;
      838);;;01/06/26;Ventas: s/NC A  Nş 00003-00000035 - OMINT S.A.;;;;;900.240,00;;234.901.289,05;;;
      839);;;01/06/26;Ventas: s/F B  Nş 00003-00001100 - O.S. DEL PER. DEL JOCKEY CLUB DE ROSAR;;;2.945.690,97;;;;237.846.980,02;;;
      840);;;01/06/26;Ventas: s/F B  Nş 00003-00001101 - O.S. DEL PER. DEL JOCKEY CLUB DE ROSAR;;;1.035.614,46;;;;238.882.594,48;;;
      841);;;01/06/26;Ventas: s/F B  Nş 00003-00001102 - O.S. DEL PER. DEL JOCKEY CLUB DE ROSAR;;;32.029,74;;;;238.914.624,22;;;
      842);;;01/06/26;Ventas: s/F B  Nş 00003-00001103 - OMINT S.A.;;;90.024,00;;;;239.004.648,22;;;
      843);;;01/06/26;Ventas: s/NC A  Nş 00003-00000036 - OMINT S.A.;;;;;90.024,00;;238.914.624,22;;;
      844);;;01/06/26;Ventas: s/F A  Nş 00003-00000540 - OMINT S.A.;;;1.250.656,00;;;;240.165.280,22;;;
      845);;;02/06/26;Cobros: s/ Rec. Nş200010077 - OSPERYH;;;;;49.409.970,63;;190.755.309,59;;;
;;;;;;;817.128.966,85;;626.373.657,26;;;;;
;;;;;;;;;;;;;;
01.01.03.01 - IVA CREDITO FISCAL (A);;;;;;;;;;;;;;
Asiento Nş;;;Fecha;Concepto;;;Debe;;Haber;;Saldo;;;
      1);;;01/01/26;Automático: Asiento de Inicio;;;2.142.318,43;;;;2.142.318,43;;;
      2);;;01/01/26;Compras: s/F A  Nş -00002341 - CESAR AUGUSTO ARCARO MALITO;;;166.742,67;;;;2.309.061,10;;;
      3);;;01/01/26;Compras: s/F A  Nş -00002342 - CESAR AUGUSTO ARCARO MALITO;;;84.000,00;;;;2.393.061,10;;;
      4);;;01/01/26;Compras: s/F A  Nş -00002343 - CESAR AUGUSTO ARCARO MALITO;;;201.072,37;;;;2.594.133,47;;;
      5);;;01/01/26;Compras: s/F A  Nş -00002344 - CESAR AUGUSTO ARCARO MALITO;;;432.195,94;;;;3.026.329,41;;;
      35);;;02/01/26;Compras: s/F A  Nş -00001633 - SACCOL EMILIANO;;;95.229,75;;;;3.121.559,16;;;
      36);;;02/01/26;Compras: s/F A  Nş -00004455 - ARQUETIPONET S.R.L.;;;47.302,05;;;;3.168.861,21;;;
      37);;;02/01/26;Compras: s/F A  Nş -00006038 - WNS & ASOCIADOS S.R.L.;;;391.587,00;;;;3.560.448,21;;;
      38);;;02/01/26;Compras: s/F A  Nş -00003577 - FUNDACION CONSENSO;;;42.101,01;;;;3.602.549,22;;;
      39);;;02/01/26;Compras: s/F A  Nş -00025183 - MINDER S A;;;9.500,39;;;;3.612.049,61;;;
      45);;;02/01/26;Compras: s/OC  Nş -00215625 - BANCO DE LA CIUDAD DE BUENOS AIRES;;;19.145,07;;;;3.631.194,68;;;
      46);;;02/01/26;Compras: s/OC  Nş -04001678 - BANCO DE LA CIUDAD DE BUENOS AIRES;;;33.701,43;;;;3.664.896,11;;;
      47);;;02/01/26;Compras: s/OC  Nş -04001809 - BANCO DE LA CIUDAD DE BUENOS AIRES;;;69.956,75;;;;3.734.852,86;;;
      48);;;02/01/26;Compras: s/OC  Nş -04001923 - BANCO DE LA CIUDAD DE BUENOS AIRES;;;97.668,62;;;;3.832.521,48;;;
      49);;;02/01/26;Compras: s/OC  Nş -13318108 - BANCO BBVA ARGENTINA;;;203.068,74;;;;4.035.590,22;;;
      50);;;02/01/26;Compras: s/OC  Nş -13318109 - BANCO BBVA ARGENTINA;;;212.406,36;;;;4.247.996,58;;;
      51);;;02/01/26;Compras: s/OC  Nş -13318110 - BANCO BBVA ARGENTINA;;;208.476,14;;;;4.456.472,72;;;
      52);;;02/01/26;Compras: s/OC  Nş -13318111 - BANCO BBVA ARGENTINA;;;195.871,08;;;;4.652.343,80;;;
      57);;;02/01/26;Reversion Gastos Bancarios;;;;;623.951,24;;4.028.392,56;;;
      60);;;02/01/26;Reversion Gastos Bancarios;;;;;201.326,79;;3.827.065,77;;;
      62);;;04/01/26;Compras: s/F A  Nş -00000470 - DAURAT MERCEDES MARIA;;;1.050.000,00;;;;4.877.065,77;;;
      64);;;05/01/26;Compras: s/OC  Nş -72110420 - BANCO SANTANDER RIO SA;;;15.222,24;;;;4.892.288,01;;;
      81);;;09/01/26;Compras: s/F A  Nş -00001640 - SACCOL EMILIANO;;;31.500,00;;;;4.923.788,01;;;
      116);;;16/01/26;Compras: s/OC  Nş -00220301 - BANCO DE LA CIUDAD DE BUENOS AIRES;;;62.652,17;;;;4.986.440,18;;;
      124);;;19/01/26;Compras: s/F A  Nş -00001642 - SACCOL EMILIANO;;;33.285,00;;;;5.019.725,18;;;
      130);;;19/01/26;Compras: s/OC  Nş -04002057 - BANCO DE LA CIUDAD DE BUENOS AIRES;;;6.859,38;;;;5.026.584,56;;;
      144);;;20/01/26;Pago Prestamo Macro-Cuota 9;;;21.507,12;;;;5.048.091,68;;;
      153);;;22/01/26;Compras: s/F A  Nş -00010321 - NUBI S.A.;;;11.471,20;;;;5.059.562,88;;;
      167);;;26/01/26;Compras: s/F A  Nş -00000018 - FABIOLA LANDIN;;;126.000,00;;;;5.185.562,88;;;
      174);;;28/01/26;Compras: s/F A  Nş -00004173 - CONTATECH;;;6.300,00;;;;5.191.862,88;;;
      175);;;28/01/26;Compras: s/F A  Nş -00211440 - TELEFONICA MOVILES ARGENT;;;33.105,92;;;;5.224.968,80;;;
      186);;;30/01/26;Compras: s/F A  Nş -00000381 - SANDJIAN & ASOCIADOS;;;504.000,00;;;;5.728.968,80;;;
      187);;;30/01/26;Compras: s/F A  Nş -00000382 - SANDJIAN & ASOCIADOS;;;161.700,00;;;;5.890.668,80;;;
      190);;;31/01/26;Compras: s/F A  Nş -00005793 - GOLAWARE S.R.L.;;;129.654,00;;;;6.020.322,80;;;
      191);;;31/01/26;Compras: s/F A  Nş -00006254 - WNS & ASOCIADOS S.R.L.;;;391.587,00;;;;6.411.909,80;;;
      192);;;31/01/26;Gastos y Comisiones Bancarias-Santander;;;235.025,47;;;;6.646.935,27;;;
      196);;;31/01/26;Devengamiento Iva Enero 2026;;;;;5.069.618,12;;1.577.317,15;;;
      199);;;31/01/26;Gastos y Comisiones Bancarias-Banco Ciudad;;;11.418,29;;;;1.588.735,44;;;
      200);;;31/01/26;Compras: s/OC  Nş -31012026 - BANCO MACRO CTA CTE;;;11.277,00;;;;1.600.012,44;;;
      200);;;31/01/26;Compras: s/OC  Nş -31012026 - BANCO MACRO CTA CTE;;;201,13;;;;1.600.213,57;;;
      209);;;01/02/26;Compras: s/F A  Nş -00000473 - DAURAT MERCEDES MARIA;;;1.050.000,00;;;;2.650.213,57;;;
      210);;;01/02/26;Compras: s/F A  Nş -00004478 - ARQUETIPONET S.R.L.;;;48.619,20;;;;2.698.832,77;;;
      211);;;01/02/26;Compras: s/F A  Nş -00002370 - CESAR AUGUSTO ARCARO MALITO;;;166.742,67;;;;2.865.575,44;;;
      212);;;01/02/26;Compras: s/F A  Nş -00002371 - CESAR AUGUSTO ARCARO MALITO;;;84.000,00;;;;2.949.575,44;;;
      213);;;01/02/26;Compras: s/F A  Nş -00002372 - CESAR AUGUSTO ARCARO MALITO;;;201.072,37;;;;3.150.647,81;;;
      214);;;01/02/26;Compras: s/F A  Nş -00002373 - CESAR AUGUSTO ARCARO MALITO;;;432.195,94;;;;3.582.843,75;;;
      230);;;01/02/26;Compras: s/OC  Nş -73031720 - BANCO SANTANDER RIO SA;;;36.739,91;;;;3.619.583,66;;;
      231);;;01/02/26;Compras: s/OC  Nş -82817110 - BANCO SANTANDER RIO SA;;;38.857,85;;;;3.658.441,51;;;
      232);;;01/02/26;Compras: s/OC  Nş -08660637 - BANCO SANTANDER RIO SA;;;24.177,45;;;;3.682.618,96;;;
      233);;;01/02/26;Compras: s/OC  Nş -08976493 - BANCO SANTANDER RIO SA;;;109.819,34;;;;3.792.438,30;;;
      234);;;02/02/26;Compras: s/F A  Nş -00003593 - FUNDACION CONSENSO;;;42.101,01;;;;3.834.539,31;;;
      235);;;02/02/26;Compras: s/F A  Nş -00026325 - MINDER S A;;;9.766,40;;;;3.844.305,71;;;
      245);;;03/02/26;Compras: s/OC  Nş -72110421 - BANCO SANTANDER RIO SA;;;12.225,39;;;;3.856.531,10;;;
      252);;;04/02/26;Compras: s/F A  Nş -00001644 - SACCOL EMILIANO;;;95.229,75;;;;3.951.760,85;;;
      259);;;06/02/26;Compras: s/OC  Nş -08976494 - BANCO SANTANDER RIO SA;;;106.589,36;;;;4.058.350,21;;;
      265);;;09/02/26;Compras: s/OC  Nş -86606308 - BANCO SANTANDER RIO SA;;;20.517,11;;;;4.078.867,32;;;
      276);;;13/02/26;Compras: s/F A  Nş -00010690 - NUBI S.A.;;;7.647,47;;;;4.086.514,79;;;
      291);;;18/02/26;Compras: s/OC  Nş -82817111 - BANCO SANTANDER RIO SA;;;37.068,99;;;;4.123.583,78;;;
      307);;;23/02/26;Compras: s/F A  Nş -00004500 - ARQUETIPONET S.R.L.;;;28.350,00;;;;4.151.933,78;;;
      315);;;24/02/26;Compras: s/F A  Nş -00004751 - CONTATECH;;;6.930,00;;;;4.158.863,78;;;
      329);;;25/02/26;Pago Prestamo Macro-Cuota 10;;;17.986,88;;;;4.176.850,66;;;
      333);;;28/02/26;Compras: s/F A  Nş -00000391 - SANDJIAN & ASOCIADOS;;;161.700,00;;;;4.338.550,66;;;
      334);;;28/02/26;Compras: s/F A  Nş -00000392 - SANDJIAN & ASOCIADOS;;;504.000,00;;;;4.842.550,66;;;
      335);;;28/02/26;Compras: s/F A  Nş -00006029 - GOLAWARE S.R.L.;;;127.449,00;;;;4.969.999,66;;;
      336);;;28/02/26;Compras: s/F A  Nş -00006370 - WNS & ASOCIADOS S.R.L.;;;391.587,00;;;;5.361.586,66;;;
      337);;;28/02/26;Compras: s/F A  Nş -00217648 - TELEFONICA MOVILES ARGENT;;;34.425,20;;;;5.396.011,86;;;
      341);;;28/02/26;Gastos y Comisiones Bancarias-Santander;;;104.532,41;;;;5.500.544,27;;;
      342);;;28/02/26;Devengamiento Iva Febrero 2026;;;;;3.793.033,65;;1.707.510,62;;;
      345);;;28/02/26;Gastos y Comisiones Bancarias-Banco Ciudad;;;11.337,29;;;;1.718.847,91;;;
      351);;;28/02/26;Compras: s/OC  Nş -00202602 - BANCO MACRO CTA CTE;;;12.611,11;;;;1.731.459,02;;;
      351);;;28/02/26;Compras: s/OC  Nş -00202602 - BANCO MACRO CTA CTE;;;60,73;;;;1.731.519,75;;;
      367);;;01/03/26;Compras: s/F A  Nş -00001654 - SACCOL EMILIANO;;;95.229,75;;;;1.826.749,50;;;
      368);;;01/03/26;Compras: s/F A  Nş -00004521 - ARQUETIPONET S.R.L.;;;46.939,20;;;;1.873.688,70;;;
      369);;;01/03/26;Compras: s/F A  Nş -00002399 - CESAR AUGUSTO ARCARO MALITO;;;166.742,67;;;;2.040.431,37;;;
      370);;;01/03/26;Compras: s/F A  Nş -00002400 - CESAR AUGUSTO ARCARO MALITO;;;84.000,00;;;;2.124.431,37;;;
      371);;;01/03/26;Compras: s/F A  Nş -00002401 - CESAR AUGUSTO ARCARO MALITO;;;201.072,37;;;;2.325.503,74;;;
      372);;;01/03/26;Compras: s/F A  Nş -00002402 - CESAR AUGUSTO ARCARO MALITO;;;432.195,94;;;;2.757.699,68;;;
      378);;;02/03/26;Compras: s/F A  Nş -00003636 - FUNDACION CONSENSO;;;45.468,99;;;;2.803.168,67;;;
      379);;;02/03/26;Compras: s/F A  Nş -00027509 - MINDER S A;;;10.049,62;;;;2.813.218,29;;;
      382);;;02/03/26;Compras: s/OC  Nş -0003910073031702 - BANCO SANTANDER RIO SA;;;30.306,82;;;;2.843.525,11;;;
      386);;;03/03/26;Compras: s/OC  Nş -0003910072110402 - BANCO SANTANDER RIO SA;;;9.321,30;;;;2.852.846,41;;;
      408);;;06/03/26;Compras: s/OC  Nş -0003910089764903 - BANCO SANTANDER RIO SA;;;93.356,86;;;;2.946.203,27;;;
      416);;;09/03/26;Compras: s/F A  Nş -00011035 - NUBI S.A.;;;252,39;;;;2.946.455,66;;;
      418);;;09/03/26;Compras: s/OC  Nş -0003910086606303 - BANCO SANTANDER RIO SA;;;16.716,46;;;;2.963.172,12;;;
      422);;;10/03/26;Compras: s/F A  Nş -00002409 - CESAR AUGUSTO ARCARO MALITO;;;105.445,83;;;;3.068.617,95;;;
      424);;;10/03/26;Compras: s/NC A  Nş -00000084 - CESAR AUGUSTO ARCARO MALITO;;;;;166.742,66;;2.901.875,29;;;
      433);;;12/03/26;Compras: s/F A  Nş -00011087 - NUBI S.A.;;;7.875,00;;;;2.909.750,29;;;
      435);;;12/03/26;Compras: s/NC A  Nş -00000102 - LOPEZ FERNANDO ANDRES;;;;;141.204,00;;2.768.546,29;;;
      436);;;12/03/26;Compras: s/NC A  Nş -00000103 - LOPEZ FERNANDO ANDRES;;;;;146.580,00;;2.621.966,29;;;
      437);;;12/03/26;Compras: s/NC A  Nş -00000104 - LOPEZ FERNANDO ANDRES;;;;;146.580,00;;2.475.386,29;;;
      444);;;14/03/26;Compras: s/OC  Nş -0003910082817103 - BANCO SANTANDER RIO SA;;;34.770,60;;;;2.510.156,89;;;
      452);;;17/03/26;Compras: s/F A  Nş -00000019 - FABIOLA LANDIN;;;126.000,00;;;;2.636.156,89;;;
      453);;;17/03/26;Compras: s/F A  Nş -00000020 - FABIOLA LANDIN;;;126.000,00;;;;2.762.156,89;;;
      466);;;20/03/26;Gastos y Comisiones Bancarias-Santander;;;106.769,51;;;;2.868.926,40;;;
      484);;;25/03/26;Pago Prestamo Macro-Cuota 11;;;11.121,19;;;;2.880.047,59;;;
      487);;;26/03/26;Compras: s/F A  Nş -00044516 - DINAMICA COMERCIAL  SRL;;;3.297,52;;;;2.883.345,11;;;
      492);;;28/03/26;Compras: s/F A  Nş -00224458 - TELEFONICA MOVILES ARGENT;;;39.787,84;;;;2.923.132,95;;;
      493);;;30/03/26;Compras: s/OC  Nş -0003910072110403 - BANCO SANTANDER RIO SA;;;5.608,29;;;;2.928.741,24;;;
      494);;;30/03/26;Compras: s/OC  Nş -0003910073031703 - BANCO SANTANDER RIO SA;;;23.197,90;;;;2.951.939,14;;;
      500);;;31/03/26;Compras: s/F A  Nş -00006573 - WNS & ASOCIADOS S.R.L.;;;414.645,00;;;;3.366.584,14;;;
      501);;;31/03/26;Gastos y Comisiones Bancarias-Santander;;;31.848,08;;;;3.398.432,22;;;
      503);;;31/03/26;Compras: s/F A  Nş -00006272 - GOLAWARE S.R.L.;;;127.449,00;;;;3.525.881,22;;;
      504);;;31/03/26;Compras: s/F A  Nş -00011241 - NUBI S.A.;;;282,03;;;;3.526.163,25;;;
      509);;;31/03/26;Compras: s/F A  Nş -00000435 - SANDJIAN & ASOCIADOS;;;504.000,00;;;;4.030.163,25;;;
      510);;;31/03/26;Compras: s/F A  Nş -00000436 - SANDJIAN & ASOCIADOS;;;161.700,00;;;;4.191.863,25;;;
      515);;;31/03/26;Gastos y Comisiones Bancarias-Banco Ciudad;;;15.278,74;;;;4.207.141,99;;;
      517);;;31/03/26;Compras: s/OC  Nş -00202603 - BANCO MACRO CTA CTE;;;12.891,40;;;;4.220.033,39;;;
      517);;;31/03/26;Compras: s/OC  Nş -00202603 - BANCO MACRO CTA CTE;;;65,10;;;;4.220.098,49;;;
      522);;;31/03/26;Devengamiento Iva Marzo 2026;;;;;2.097.326,49;;2.122.772,00;;;
      525);;;31/03/26;Reclasificacion de cuentas de impuestos;;;;;971.776,91;;1.150.995,09;;;
      543);;;01/04/26;Compras: s/F A  Nş -00000494 - DAURAT MERCEDES MARIA;;;1.050.000,00;;;;2.200.995,09;;;
      544);;;01/04/26;Compras: s/F A  Nş -00000495 - DAURAT MERCEDES MARIA;;;1.050.000,00;;;;3.250.995,09;;;
      545);;;01/04/26;Compras: s/F A  Nş -00000496 - DAURAT MERCEDES MARIA;;;1.050.000,00;;;;4.300.995,09;;;
      546);;;01/04/26;Compras: s/F A  Nş -00001668 - SACCOL EMILIANO;;;104.748,00;;;;4.405.743,09;;;
      547);;;01/04/26;Compras: s/F A  Nş -00004564 - ARQUETIPONET S.R.L.;;;46.435,20;;;;4.452.178,29;;;
      548);;;01/04/26;Compras: s/F A  Nş -00002436 - CESAR AUGUSTO ARCARO MALITO;;;84.000,00;;;;4.536.178,29;;;
      549);;;01/04/26;Compras: s/F A  Nş -00002437 - CESAR AUGUSTO ARCARO MALITO;;;201.072,37;;;;4.737.250,66;;;
      550);;;01/04/26;Compras: s/F A  Nş -00002438 - CESAR AUGUSTO ARCARO MALITO;;;105.445,83;;;;4.842.696,49;;;
      551);;;01/04/26;Compras: s/F A  Nş -00002439 - CESAR AUGUSTO ARCARO MALITO;;;234.249,32;;;;5.076.945,81;;;
      552);;;01/04/26;Compras: s/F A  Nş -00002440 - CESAR AUGUSTO ARCARO MALITO;;;122.844,39;;;;5.199.790,20;;;
      553);;;01/04/26;Compras: s/F A  Nş -00002441 - CESAR AUGUSTO ARCARO MALITO;;;486.260,13;;;;5.686.050,33;;;
      554);;;01/04/26;Compras: s/F A  Nş -00003697 - FUNDACION CONSENSO;;;45.468,99;;;;5.731.519,32;;;
      564);;;01/04/26;Compras: s/NC A  Nş -00000052 - DAURAT MERCEDES MARIA;;;;;1.050.000,00;;4.681.519,32;;;
      565);;;01/04/26;Compras: s/NC A  Nş -00000086 - CESAR AUGUSTO ARCARO MALITO;;;;;201.072,37;;4.480.446,95;;;
      566);;;01/04/26;Compras: s/NC A  Nş -00000087 - CESAR AUGUSTO ARCARO MALITO;;;;;105.445,83;;4.375.001,12;;;
      572);;;01/04/26;Compras: s/F A  Nş -00004118 - CRAVERO NEGOCIOS S.A.;;;2.100,00;;;;4.377.101,12;;;
      573);;;01/04/26;Compras: s/F A  Nş -00004119 - CRAVERO NEGOCIOS S.A.;;;2.607,91;;;;4.379.709,03;;;
      574);;;01/04/26;Compras: s/OC  Nş -0000001331810112 - BANCO BBVA ARGENTINA;;;191.285,96;;;;4.570.994,99;;;
      575);;;01/04/26;Compras: s/OC  Nş -0000001331810113 - BANCO BBVA ARGENTINA;;;191.662,26;;;;4.762.657,25;;;
      576);;;01/04/26;Compras: s/OC  Nş -00202601 - BANCO BBVA ARGENTINA;;;12.390,00;;;;4.775.047,25;;;
      576);;;01/04/26;Compras: s/OC  Nş -00202601 - BANCO BBVA ARGENTINA;;;312,09;;;;4.775.359,34;;;
      577);;;01/04/26;Compras: s/OC  Nş -00202602 - BANCO BBVA ARGENTINA;;;12.390,00;;;;4.787.749,34;;;
      577);;;01/04/26;Compras: s/OC  Nş -00202602 - BANCO BBVA ARGENTINA;;;84,81;;;;4.787.834,15;;;
      578);;;01/04/26;Compras: s/OC  Nş -00202603 - BANCO BBVA ARGENTINA;;;12.390,00;;;;4.800.224,15;;;
      579);;;01/04/26;Compras: s/OC  Nş -00202603 - BANCO GALICIA;;;19.950,00;;;;4.820.174,15;;;
      579);;;01/04/26;Compras: s/OC  Nş -00202603 - BANCO GALICIA;;;93,94;;;;4.820.268,09;;;
      580);;;01/04/26;Compras: s/OC  Nş -00202602 - BANCO GALICIA;;;13.051,08;;;;4.833.319,17;;;
      580);;;01/04/26;Compras: s/OC  Nş -00202602 - BANCO GALICIA;;;285,29;;;;4.833.604,46;;;
      581);;;01/04/26;Compras: s/OC  Nş -00202601 - BANCO GALICIA;;;11.550,00;;;;4.845.154,46;;;
      581);;;01/04/26;Compras: s/OC  Nş -00202601 - BANCO GALICIA;;;278,83;;;;4.845.433,29;;;
      582);;;01/04/26;Compras: s/OC  Nş -20260219 - BANCO DE LA CIUDAD DE BUENOS AIRES;;;48.950,30;;;;4.894.383,59;;;
      583);;;01/04/26;Compras: s/OC  Nş -20260320 - BANCO DE LA CIUDAD DE BUENOS AIRES;;;53.093,30;;;;4.947.476,89;;;
      584);;;01/04/26;Compras: s/OC  Nş -20260321 - BANCO DE LA CIUDAD DE BUENOS AIRES;;;40.005,62;;;;4.987.482,51;;;
      588);;;06/04/26;Compras: s/F A  Nş -00029025 - MINDER S A;;;10.341,06;;;;4.997.823,57;;;
      592);;;06/04/26;Compras: s/OC  Nş -0003910089764906 - BANCO SANTANDER RIO SA;;;100.129,40;;;;5.097.952,97;;;
      602);;;08/04/26;Compras: s/OC  Nş -0000133181011214 - BANCO BBVA ARGENTINA;;;190.932,65;;;;5.288.885,62;;;
      609);;;09/04/26;Compras: s/OC  Nş -0003910086606310 - BANCO SANTANDER RIO SA;;;12.770,11;;;;5.301.655,73;;;
      626);;;14/04/26;Compras: s/OC  Nş -0003910082817113 - BANCO SANTANDER RIO SA;;;32.400,17;;;;5.334.055,90;;;
      635);;;16/04/26;Compras: s/F A  Nş -00011544 - NUBI S.A.;;;7.875,00;;;;5.341.930,90;;;
      666);;;24/04/26;Compras: s/F A  Nş -00092411 - SANTA FE COMERCIAL SOCIEDAD DE RESPONSAB;;;101.859,27;;;;5.443.790,17;;;
      667);;;24/04/26;Compras: s/F A  Nş -00092415 - SANTA FE COMERCIAL SOCIEDAD DE RESPONSAB;;;72.924,64;;;;5.516.714,81;;;
      675);;;28/04/26;Compras: s/F A  Nş -00001676 - SACCOL EMILIANO;;;39.585,00;;;;5.556.299,81;;;
      676);;;28/04/26;Compras: s/F A  Nş -00000006 - WNS & ASOCIADOS S.R.L.;;;414.645,00;;;;5.970.944,81;;;
      677);;;28/04/26;Compras: s/F A  Nş -00227019 - TELEFONICA MOVILES ARGENT;;;40.838,76;;;;6.011.783,57;;;
      681);;;28/04/26;Compras: s/OC  Nş -0003910073031723 - BANCO SANTANDER RIO SA;;;15.368,46;;;;6.027.152,03;;;
      685);;;28/04/26;Compras: s/F A  Nş -00006295 - CONTATECH;;;6.930,00;;;;6.034.082,03;;;
      688);;;29/04/26;Compras: s/NC A  Nş -00001335 - SANTA FE COMERCIAL SOCIEDAD DE RESPONSAB;;;;;101.859,27;;5.932.222,76;;;
      693);;;30/04/26;Compras: s/OC  Nş -00202604 - BANCO BBVA ARGENTINA;;;13.209,00;;;;5.945.431,76;;;
      694);;;30/04/26;Compras: s/OC  Nş -00202604 - BANCO GALICIA;;;12.600,00;;;;5.958.031,76;;;
      694);;;30/04/26;Compras: s/OC  Nş -00202604 - BANCO GALICIA;;;121,38;;;;5.958.153,14;;;
      696);;;30/04/26;Gastos y Comisiones Bancarias-Banco Ciudad;;;11.278,64;;;;5.969.431,78;;;
      698);;;30/04/26;Compras: s/OC  Nş -00202604 - BANCO MACRO CTA CTE;;;12.611,11;;;;5.982.042,89;;;
      698);;;30/04/26;Compras: s/OC  Nş -00202604 - BANCO MACRO CTA CTE;;;11,25;;;;5.982.054,14;;;
      700);;;30/04/26;Compras: s/OC  Nş -00202604 - BANCO SANTANDER RIO SA;;;55.422,15;;;;6.037.476,29;;;
      700);;;30/04/26;Compras: s/OC  Nş -00202604 - BANCO SANTANDER RIO SA;;;63.304,75;;;;6.100.781,04;;;
      704);;;30/04/26;Compras: s/F A  Nş -00051203 - SANTA FE COMERCIAL SOCIEDAD DE RESPONSAB;;;22.325,52;;;;6.123.106,56;;;
      711);;;30/04/26;Compras: s/F A  Nş -00006557 - GOLAWARE S.R.L.;;;127.449,00;;;;6.250.555,56;;;
      720);;;01/05/26;Compras: s/F A  Nş -00004609 - ARQUETIPONET S.R.L.;;;46.737,60;;;;6.297.293,16;;;
      725);;;01/05/26;Compras: s/F A  Nş -00000503 - DAURAT MERCEDES MARIA;;;1.050.000,00;;;;7.347.293,16;;;
      726);;;02/05/26;Compras: s/F A  Nş -00001678 - SACCOL EMILIANO;;;104.748,00;;;;7.452.041,16;;;
      727);;;03/05/26;Compras: s/F A  Nş -00002471 - CESAR AUGUSTO ARCARO MALITO;;;84.000,00;;;;7.536.041,16;;;
      728);;;03/05/26;Compras: s/F A  Nş -00002472 - CESAR AUGUSTO ARCARO MALITO;;;234.249,32;;;;7.770.290,48;;;
      729);;;03/05/26;Compras: s/F A  Nş -00002473 - CESAR AUGUSTO ARCARO MALITO;;;122.844,39;;;;7.893.134,87;;;
      730);;;03/05/26;Compras: s/F A  Nş -00002474 - CESAR AUGUSTO ARCARO MALITO;;;487.904,43;;;;8.381.039,30;;;
      731);;;04/05/26;Compras: s/F A  Nş -00003752 - FUNDACION CONSENSO;;;45.468,99;;;;8.426.508,29;;;
      732);;;04/05/26;Compras: s/F A  Nş -00030317 - MINDER S A;;;10.692,66;;;;8.437.200,95;;;
      735);;;04/05/26;Movimientos Banco Ciudad;;;140,38;;;;8.437.341,33;;;
      736);;;04/05/26;Movimientos Banco Macro;;;56,70;;;;8.437.398,03;;;
      737);;;04/05/26;Movimientos Banco Galicia;;;12.600,00;;;;8.449.998,03;;;
      738);;;04/05/26;movimientos Banco Frances;;;12.589,50;;;;8.462.587,53;;;
      762);;;05/05/26;Compras: s/F A  Nş -00000459 - SANDJIAN & ASOCIADOS;;;161.700,00;;;;8.624.287,53;;;
      763);;;05/05/26;Compras: s/F A  Nş -00000460 - SANDJIAN & ASOCIADOS;;;504.000,00;;;;9.128.287,53;;;
      767);;;05/05/26;Compras: s/F A  Nş -00000461 - SANDJIAN & ASOCIADOS;;;161.700,00;;;;9.289.987,53;;;
      769);;;06/05/26;Compras: s/F A  Nş -00044953 - DINAMICA COMERCIAL  SRL;;;3.644,63;;;;9.293.632,16;;;
      787);;;11/05/26;Compras: s/F A  Nş -00000021 - FABIOLA LANDIN;;;126.000,00;;;;9.419.632,16;;;
      788);;;11/05/26;Compras: s/F A  Nş -00004624 - ARQUETIPONET S.R.L.;;;14.851,44;;;;9.434.483,60;;;
      799);;;12/05/26;Compras: s/F A  Nş -00051342 - SANTA FE COMERCIAL SOCIEDAD DE RESPONSAB;;;2.761,92;;;;9.437.245,52;;;
      801);;;13/05/26;Comisiones Bancarias Frances;;;315,00;;;;9.437.560,52;;;
;;;;;;;24.254.077,85;;14.816.517,33;;;;;
;;;;;;;;;;;;;;
01.01.03.03 - PERCEPCION IVA (A);;;;;;;;;;;;;;
Asiento Nş;;;Fecha;Concepto;;;Debe;;Haber;;Saldo;;;
      45);;;02/01/26;Compras: s/OC  Nş -00215625 - BANCO DE LA CIUDAD DE BUENOS AIRES;;;3.646,68;;;;3.646,68;;;
      46);;;02/01/26;Compras: s/OC  Nş -04001678 - BANCO DE LA CIUDAD DE BUENOS AIRES;;;1.273,26;;;;4.919,94;;;
      47);;;02/01/26;Compras: s/OC  Nş -04001809 - BANCO DE LA CIUDAD DE BUENOS AIRES;;;9.993,83;;;;14.913,77;;;
      48);;;02/01/26;Compras: s/OC  Nş -04001923 - BANCO DE LA CIUDAD DE BUENOS AIRES;;;13.952,65;;;;28.866,42;;;
      49);;;02/01/26;Compras: s/OC  Nş -13318108 - BANCO BBVA ARGENTINA;;;29.009,81;;;;57.876,23;;;
      50);;;02/01/26;Compras: s/OC  Nş -13318109 - BANCO BBVA ARGENTINA;;;30.343,75;;;;88.219,98;;;
      51);;;02/01/26;Compras: s/OC  Nş -13318110 - BANCO BBVA ARGENTINA;;;29.782,30;;;;118.002,28;;;
      52);;;02/01/26;Compras: s/OC  Nş -13318111 - BANCO BBVA ARGENTINA;;;27.981,57;;;;145.983,85;;;
      57);;;02/01/26;Reversion Gastos Bancarios;;;;;89.135,86;;56.847,99;;;
      60);;;02/01/26;Reversion Gastos Bancarios;;;;;25.219,74;;31.628,25;;;
      64);;;05/01/26;Compras: s/OC  Nş -72110420 - BANCO SANTANDER RIO SA;;;2.147,65;;;;33.775,90;;;
      116);;;16/01/26;Compras: s/OC  Nş -00220301 - BANCO DE LA CIUDAD DE BUENOS AIRES;;;8.950,32;;;;42.726,22;;;
      130);;;19/01/26;Compras: s/OC  Nş -04002057 - BANCO DE LA CIUDAD DE BUENOS AIRES;;;979,91;;;;43.706,13;;;
      192);;;31/01/26;Gastos y Comisiones Bancarias-Santander;;;33.193,85;;;;76.899,98;;;
      196);;;31/01/26;Devengamiento Iva Enero 2026;;;;;147.750,47;;-70.850,49;;;
      200);;;31/01/26;Compras: s/OC  Nş -31012026 - BANCO MACRO CTA CTE;;;1.611,00;;;;-69.239,49;;;
      230);;;01/02/26;Compras: s/OC  Nş -73031720 - BANCO SANTANDER RIO SA;;;5.248,56;;;;-63.990,93;;;
      231);;;01/02/26;Compras: s/OC  Nş -82817110 - BANCO SANTANDER RIO SA;;;5.551,12;;;;-58.439,81;;;
      232);;;01/02/26;Compras: s/OC  Nş -08660637 - BANCO SANTANDER RIO SA;;;3.453,92;;;;-54.985,89;;;
      233);;;01/02/26;Compras: s/OC  Nş -08976493 - BANCO SANTANDER RIO SA;;;15.688,48;;;;-39.297,41;;;
      245);;;03/02/26;Compras: s/OC  Nş -72110421 - BANCO SANTANDER RIO SA;;;1.746,48;;;;-37.550,93;;;
      259);;;06/02/26;Compras: s/OC  Nş -08976494 - BANCO SANTANDER RIO SA;;;15.227,05;;;;-22.323,88;;;
      265);;;09/02/26;Compras: s/OC  Nş -86606308 - BANCO SANTANDER RIO SA;;;2.931,02;;;;-19.392,86;;;
      291);;;18/02/26;Compras: s/OC  Nş -82817111 - BANCO SANTANDER RIO SA;;;5.252,66;;;;-14.140,20;;;
      341);;;28/02/26;Gastos y Comisiones Bancarias-Santander;;;14.688,85;;;;548,65;;;
      342);;;28/02/26;Devengamiento Iva Febrero 2026;;;;;112.448,39;;-111.899,74;;;
      382);;;02/03/26;Compras: s/OC  Nş -0003910073031702 - BANCO SANTANDER RIO SA;;;4.329,54;;;;-107.570,20;;;
      386);;;03/03/26;Compras: s/OC  Nş -0003910072110402 - BANCO SANTANDER RIO SA;;;1.331,61;;;;-106.238,59;;;
      408);;;06/03/26;Compras: s/OC  Nş -0003910089764903 - BANCO SANTANDER RIO SA;;;13.336,69;;;;-92.901,90;;;
      418);;;09/03/26;Compras: s/OC  Nş -0003910086606303 - BANCO SANTANDER RIO SA;;;2.388,07;;;;-90.513,83;;;
      444);;;14/03/26;Compras: s/OC  Nş -0003910082817103 - BANCO SANTANDER RIO SA;;;4.945,24;;;;-85.568,59;;;
      466);;;20/03/26;Gastos y Comisiones Bancarias-Santander;;;15.021,94;;;;-70.546,65;;;
      493);;;30/03/26;Compras: s/OC  Nş -0003910072110403 - BANCO SANTANDER RIO SA;;;801,18;;;;-69.745,47;;;
      494);;;30/03/26;Compras: s/OC  Nş -0003910073031703 - BANCO SANTANDER RIO SA;;;3.313,99;;;;-66.431,48;;;
      501);;;31/03/26;Gastos y Comisiones Bancarias-Santander;;;4.416,08;;;;-62.015,40;;;
      522);;;31/03/26;Devengamiento Iva Marzo 2026;;;;;128.222,12;;-190.237,52;;;
      525);;;31/03/26;Reclasificacion de cuentas de impuestos;;;190.237,52;;;;0,00;;;
      574);;;01/04/26;Compras: s/OC  Nş -0000001331810112 - BANCO BBVA ARGENTINA;;;27.326,56;;;;27.326,56;;;
      575);;;01/04/26;Compras: s/OC  Nş -0000001331810113 - BANCO BBVA ARGENTINA;;;27.380,30;;;;54.706,86;;;
      576);;;01/04/26;Compras: s/OC  Nş -00202601 - BANCO BBVA ARGENTINA;;;1.814,59;;;;56.521,45;;;
      579);;;01/04/26;Compras: s/OC  Nş -00202603 - BANCO GALICIA;;;2.850,00;;;;59.371,45;;;
      580);;;01/04/26;Compras: s/OC  Nş -00202602 - BANCO GALICIA;;;1.811,21;;;;61.182,66;;;
      581);;;01/04/26;Compras: s/OC  Nş -00202601 - BANCO GALICIA;;;1.659,00;;;;62.841,66;;;
      582);;;01/04/26;Compras: s/OC  Nş -20260219 - BANCO DE LA CIUDAD DE BUENOS AIRES;;;6.992,90;;;;69.834,56;;;
      583);;;01/04/26;Compras: s/OC  Nş -20260320 - BANCO DE LA CIUDAD DE BUENOS AIRES;;;7.584,76;;;;77.419,32;;;
      584);;;01/04/26;Compras: s/OC  Nş -20260321 - BANCO DE LA CIUDAD DE BUENOS AIRES;;;5.715,09;;;;83.134,41;;;
      592);;;06/04/26;Compras: s/OC  Nş -0003910089764906 - BANCO SANTANDER RIO SA;;;14.304,20;;;;97.438,61;;;
      602);;;08/04/26;Compras: s/OC  Nş -0000133181011214 - BANCO BBVA ARGENTINA;;;27.276,07;;;;124.714,68;;;
      609);;;09/04/26;Compras: s/OC  Nş -0003910086606310 - BANCO SANTANDER RIO SA;;;1.824,30;;;;126.538,98;;;
      626);;;14/04/26;Compras: s/OC  Nş -0003910082817113 - BANCO SANTANDER RIO SA;;;4.628,60;;;;131.167,58;;;
      681);;;28/04/26;Compras: s/OC  Nş -0003910073031723 - BANCO SANTANDER RIO SA;;;2.195,49;;;;133.363,07;;;
      694);;;30/04/26;Compras: s/OC  Nş -00202604 - BANCO GALICIA;;;1.800,00;;;;135.163,07;;;
      700);;;30/04/26;Compras: s/OC  Nş -00202604 - BANCO SANTANDER RIO SA;;;16.934,73;;;;152.097,80;;;
      737);;;04/05/26;Movimientos Banco Galicia;;;1.800,00;;;;153.897,80;;;
      738);;;04/05/26;movimientos Banco Frances;;;1.770,00;;;;155.667,80;;;
;;;;;;;658.444,38;;502.776,58;;;;;
;;;;;;;;;;;;;;
01.01.03.08 - LUCAS EIROS CTA.PART. (A);;;;;;;;;;;;;;
Asiento Nş;;;Fecha;Concepto;;;Debe;;Haber;;Saldo;;;
      1);;;01/01/26;Automático: Asiento de Inicio;;;;;273.450.299,04;;-273.450.299,04;;;
      53);;;02/01/26;S/Retiros de Socios;;;4.000.000,00;;;;-269.450.299,04;;;
      93);;;12/01/26;Aporte Lucas Eiros;;;;;7.200.000,00;;-276.650.299,04;;;
      147);;;21/01/26;Rescate aportes Lucas Eiros;;;7.200.000,00;;;;-269.450.299,04;;;
      156);;;22/01/26;S/Retiros de Socios;;;4.000.000,00;;;;-265.450.299,04;;;
      594);;;06/04/26;Aporte Socios Lucas Eiros y Gonzalo Eiros;;;;;20.000.000,00;;-285.450.299,04;;;
;;;;;;;15.200.000,00;;300.650.299,04;;;;;
;;;;;;;;;;;;;;
01.01.03.09 - GONZALO EIROS CTA.PART. (A);;;;;;;;;;;;;;
Asiento Nş;;;Fecha;Concepto;;;Debe;;Haber;;Saldo;;;
      1);;;01/01/26;Automático: Asiento de Inicio;;;;;20.485.880,22;;-20.485.880,22;;;
      499);;;30/03/26;Aporte Gonzalo Eiros;;;;;2.000.000,00;;-22.485.880,22;;;
      594);;;06/04/26;Aporte Socios Lucas Eiros y Gonzalo Eiros;;;;;20.000.000,00;;-42.485.880,22;;;
      660);;;23/04/26;Recupero parcial Aporte Socio Gonzalo Eiros;;;2.000.000,00;;;;-40.485.880,22;;;
;;;;;;;2.000.000,00;;42.485.880,22;;;;;
;;;;;;;;;;;;;;
01.01.03.11 - PERCEPCION IB (A);;;;;;;;;;;;;;
Asiento Nş;;;Fecha;Concepto;;;Debe;;Haber;;Saldo;;;
      46);;;02/01/26;Compras: s/OC  Nş -04001678 - BANCO DE LA CIUDAD DE BUENOS AIRES;;;1.697,67;;;;1.697,67;;;
      47);;;02/01/26;Compras: s/OC  Nş -04001809 - BANCO DE LA CIUDAD DE BUENOS AIRES;;;13.325,10;;;;15.022,77;;;
      48);;;02/01/26;Compras: s/OC  Nş -04001923 - BANCO DE LA CIUDAD DE BUENOS AIRES;;;18.603,55;;;;33.626,32;;;
      49);;;02/01/26;Compras: s/OC  Nş -13318108 - BANCO BBVA ARGENTINA;;;38.679,75;;;;72.306,07;;;
      50);;;02/01/26;Compras: s/OC  Nş -13318109 - BANCO BBVA ARGENTINA;;;40.458,34;;;;112.764,41;;;
      51);;;02/01/26;Compras: s/OC  Nş -13318110 - BANCO BBVA ARGENTINA;;;39.709,73;;;;152.474,14;;;
      52);;;02/01/26;Compras: s/OC  Nş -13318111 - BANCO BBVA ARGENTINA;;;37.308,76;;;;189.782,90;;;
      57);;;02/01/26;Reversion Gastos Bancarios;;;;;118.847,82;;70.935,08;;;
      60);;;02/01/26;Reversion Gastos Bancarios;;;;;33.626,32;;37.308,76;;;
      64);;;05/01/26;Compras: s/OC  Nş -72110420 - BANCO SANTANDER RIO SA;;;2.899,47;;;;40.208,23;;;
      116);;;16/01/26;Compras: s/OC  Nş -00220301 - BANCO DE LA CIUDAD DE BUENOS AIRES;;;11.933,74;;;;52.141,97;;;
      130);;;19/01/26;Compras: s/OC  Nş -04002057 - BANCO DE LA CIUDAD DE BUENOS AIRES;;;1.306,55;;;;53.448,52;;;
      175);;;28/01/26;Compras: s/F A  Nş -00211440 - TELEFONICA MOVILES ARGENT;;;12.713,13;;;;66.161,65;;;
      192);;;31/01/26;Gastos y Comisiones Bancarias-Santander;;;32.068,22;;;;98.229,87;;;
      197);;;31/01/26;Devengamiento IIBB Enero 2026;;;;;94.034,37;;4.195,50;;;
      199);;;31/01/26;Gastos y Comisiones Bancarias-Banco Ciudad;;;1.066,83;;;;5.262,33;;;
      230);;;01/02/26;Compras: s/OC  Nş -73031720 - BANCO SANTANDER RIO SA;;;6.998,08;;;;12.260,41;;;
      231);;;01/02/26;Compras: s/OC  Nş -82817110 - BANCO SANTANDER RIO SA;;;7.401,49;;;;19.661,90;;;
      232);;;01/02/26;Compras: s/OC  Nş -08660637 - BANCO SANTANDER RIO SA;;;4.605,23;;;;24.267,13;;;
      233);;;01/02/26;Compras: s/OC  Nş -08976493 - BANCO SANTANDER RIO SA;;;20.917,97;;;;45.185,10;;;
      245);;;03/02/26;Compras: s/OC  Nş -72110421 - BANCO SANTANDER RIO SA;;;2.328,65;;;;47.513,75;;;
      259);;;06/02/26;Compras: s/OC  Nş -08976494 - BANCO SANTANDER RIO SA;;;20.302,74;;;;67.816,49;;;
      265);;;09/02/26;Compras: s/OC  Nş -86606308 - BANCO SANTANDER RIO SA;;;3.908,02;;;;71.724,51;;;
      291);;;18/02/26;Compras: s/OC  Nş -82817111 - BANCO SANTANDER RIO SA;;;7.060,76;;;;78.785,27;;;
      337);;;28/02/26;Compras: s/F A  Nş -00217648 - TELEFONICA MOVILES ARGENT;;;13.219,74;;;;92.005,01;;;
      341);;;28/02/26;Gastos y Comisiones Bancarias-Santander;;;16.545,74;;;;108.550,75;;;
      343);;;28/02/26;Devengamiento IIBB Febrero 2026;;;;;19.030,42;;89.520,33;;;
      345);;;28/02/26;Gastos y Comisiones Bancarias-Banco Ciudad;;;1.066,83;;;;90.587,16;;;
      382);;;02/03/26;Compras: s/OC  Nş -0003910073031702 - BANCO SANTANDER RIO SA;;;5.772,73;;;;96.359,89;;;
      386);;;03/03/26;Compras: s/OC  Nş -0003910072110402 - BANCO SANTANDER RIO SA;;;1.775,49;;;;98.135,38;;;
      408);;;06/03/26;Compras: s/OC  Nş -0003910089764903 - BANCO SANTANDER RIO SA;;;17.782,26;;;;115.917,64;;;
      418);;;09/03/26;Compras: s/OC  Nş -0003910086606303 - BANCO SANTANDER RIO SA;;;3.184,09;;;;119.101,73;;;
      444);;;14/03/26;Compras: s/OC  Nş -0003910082817103 - BANCO SANTANDER RIO SA;;;6.622,97;;;;125.724,70;;;
      466);;;20/03/26;Gastos y Comisiones Bancarias-Santander;;;17.195,25;;;;142.919,95;;;
      492);;;28/03/26;Compras: s/F A  Nş -00224458 - TELEFONICA MOVILES ARGENT;;;7.368,12;;;;150.288,07;;;
      493);;;30/03/26;Compras: s/OC  Nş -0003910072110403 - BANCO SANTANDER RIO SA;;;1.068,25;;;;151.356,32;;;
      494);;;30/03/26;Compras: s/OC  Nş -0003910073031703 - BANCO SANTANDER RIO SA;;;4.418,65;;;;155.774,97;;;
      501);;;31/03/26;Gastos y Comisiones Bancarias-Santander;;;4.077,60;;;;159.852,57;;;
      515);;;31/03/26;Gastos y Comisiones Bancarias-Banco Ciudad;;;1.448,42;;;;161.300,99;;;
      523);;;31/03/26;Devengamiento IIBB Marzo 2026;;;;;1.154.616,29;;-993.315,30;;;
      524);;;31/03/26;Reclasificaiocn Ingresos Brutos;;;984.685,74;;;;-8.629,56;;;
      574);;;01/04/26;Compras: s/OC  Nş -0000001331810112 - BANCO BBVA ARGENTINA;;;36.435,41;;;;27.805,85;;;
      575);;;01/04/26;Compras: s/OC  Nş -0000001331810113 - BANCO BBVA ARGENTINA;;;36.507,08;;;;64.312,93;;;
      576);;;01/04/26;Compras: s/OC  Nş -00202601 - BANCO BBVA ARGENTINA;;;1.180,00;;;;65.492,93;;;
      577);;;01/04/26;Compras: s/OC  Nş -00202602 - BANCO BBVA ARGENTINA;;;2.950,00;;;;68.442,93;;;
      578);;;01/04/26;Compras: s/OC  Nş -00202603 - BANCO BBVA ARGENTINA;;;2.950,00;;;;71.392,93;;;
      579);;;01/04/26;Compras: s/OC  Nş -00202603 - BANCO GALICIA;;;1.900,00;;;;73.292,93;;;
      580);;;01/04/26;Compras: s/OC  Nş -00202602 - BANCO GALICIA;;;1.164,52;;;;74.457,45;;;
      581);;;01/04/26;Compras: s/OC  Nş -00202601 - BANCO GALICIA;;;1.100,00;;;;75.557,45;;;
      582);;;01/04/26;Compras: s/OC  Nş -20260219 - BANCO DE LA CIUDAD DE BUENOS AIRES;;;9.323,86;;;;84.881,31;;;
      583);;;01/04/26;Compras: s/OC  Nş -20260320 - BANCO DE LA CIUDAD DE BUENOS AIRES;;;10.113,01;;;;94.994,32;;;
      584);;;01/04/26;Compras: s/OC  Nş -20260321 - BANCO DE LA CIUDAD DE BUENOS AIRES;;;7.620,12;;;;102.614,44;;;
      592);;;06/04/26;Compras: s/OC  Nş -0003910089764906 - BANCO SANTANDER RIO SA;;;19.072,27;;;;121.686,71;;;
      602);;;08/04/26;Compras: s/OC  Nş -0000133181011214 - BANCO BBVA ARGENTINA;;;36.368,10;;;;158.054,81;;;
      609);;;09/04/26;Compras: s/OC  Nş -0003910086606310 - BANCO SANTANDER RIO SA;;;2.432,40;;;;160.487,21;;;
      626);;;14/04/26;Compras: s/OC  Nş -0003910082817113 - BANCO SANTANDER RIO SA;;;6.171,46;;;;166.658,67;;;
      677);;;28/04/26;Compras: s/F A  Nş -00227019 - TELEFONICA MOVILES ARGENT;;;7.562,73;;;;174.221,40;;;
      681);;;28/04/26;Compras: s/OC  Nş -0003910073031723 - BANCO SANTANDER RIO SA;;;2.927,33;;;;177.148,73;;;
      693);;;30/04/26;Compras: s/OC  Nş -00202604 - BANCO BBVA ARGENTINA;;;2.950,00;;;;180.098,73;;;
      694);;;30/04/26;Compras: s/OC  Nş -00202604 - BANCO GALICIA;;;1.200,00;;;;181.298,73;;;
      696);;;30/04/26;Gastos y Comisiones Bancarias-Banco Ciudad;;;1.066,83;;;;182.365,56;;;
      700);;;30/04/26;Compras: s/OC  Nş -00202604 - BANCO SANTANDER RIO SA;;;17.301,33;;;;199.666,89;;;
      737);;;04/05/26;Movimientos Banco Galicia;;;1.200,00;;;;200.866,89;;;
      738);;;04/05/26;movimientos Banco Frances;;;1.180,00;;;;202.046,89;;;
;;;;;;;1.622.202,11;;1.420.155,22;;;;;
;;;;;;;;;;;;;;
01.01.03.13 - LEY 25413 IMPTO CRED Y DEB (A);;;;;;;;;;;;;;
Asiento Nş;;;Fecha;Concepto;;;Debe;;Haber;;Saldo;;;
      1);;;01/01/26;Automático: Asiento de Inicio;;;23.827.946,09;;;;23.827.946,09;;;
      192);;;31/01/26;Gastos y Comisiones Bancarias-Santander;;;3.322.479,34;;;;27.150.425,43;;;
      199);;;31/01/26;Gastos y Comisiones Bancarias-Banco Ciudad;;;37.589,49;;;;27.188.014,92;;;
      201);;;31/01/26;Gastos Bancarios Banco Frances;;;34.404,80;;;;27.222.419,72;;;
      203);;;31/01/26;Gastos Bancarios Banco Galicia;;;433,67;;;;27.222.853,39;;;
      206);;;31/01/26;Gastos Bancarios - Banco Macro;;;10.196,74;;;;27.233.050,13;;;
      341);;;28/02/26;Gastos y Comisiones Bancarias-Santander;;;1.977.544,10;;;;29.210.594,23;;;
      345);;;28/02/26;Gastos y Comisiones Bancarias-Banco Ciudad;;;412,01;;;;29.211.006,24;;;
      346);;;28/02/26;Gastos Bancarios Banco Frances;;;451,45;;;;29.211.457,69;;;
      348);;;28/02/26;Gastos Bancarios Banco Galicia;;;487,29;;;;29.211.944,98;;;
      350);;;28/02/26;Gastos Bancarios - Banco Macro;;;10.286,50;;;;29.222.231,48;;;
      466);;;20/03/26;Gastos y Comisiones Bancarias-Santander;;;1.442.388,82;;;;30.664.620,30;;;
      501);;;31/03/26;Gastos y Comisiones Bancarias-Santander;;;359.219,85;;;;31.023.840,15;;;
      511);;;31/03/26;Gastos Bancarios Banco Frances;;;17.521,12;;;;31.041.361,27;;;
      513);;;31/03/26;Gastos Bancarios Banco Galicia;;;724,22;;;;31.042.085,49;;;
      515);;;31/03/26;Gastos y Comisiones Bancarias-Banco Ciudad;;;37.967,08;;;;31.080.052,57;;;
      516);;;31/03/26;Gastos Bancarios - Banco Macro;;;9.705,37;;;;31.089.757,94;;;
      690);;;30/04/26;Gastos Bancarios Banco Frances;;;428.639,38;;;;31.518.397,32;;;
      692);;;30/04/26;Gastos Bancarios Banco Galicia;;;461,38;;;;31.518.858,70;;;
      696);;;30/04/26;Gastos y Comisiones Bancarias-Banco Ciudad;;;408,23;;;;31.519.266,93;;;
      697);;;30/04/26;Gastos Bancarios - Banco Macro;;;436,71;;;;31.519.703,64;;;
      701);;;30/04/26;Gastos Bancarios Santander;;;1.510.548,58;;;;33.030.252,22;;;
      734);;;04/05/26;Movimientos Banco Santander;;;83.248,74;;;;33.113.500,96;;;
      735);;;04/05/26;Movimientos Banco Ciudad;;;9,09;;;;33.113.510,05;;;
      736);;;04/05/26;Movimientos Banco Macro;;;3,68;;;;33.113.513,73;;;
      737);;;04/05/26;Movimientos Banco Galicia;;;453,60;;;;33.113.967,33;;;
      797);;;12/05/26;Cierre de Cuenta Galicia-Decision Comercial Galicia;;;18.354,00;;;;33.132.321,33;;;
      798);;;12/05/26;Gastos Bancarios Santander;;;106.769,70;;;;33.239.091,03;;;
      801);;;13/05/26;Comisiones Bancarias Frances;;;197.764,17;;;;33.436.855,20;;;
;;;;;;;33.436.855,20;;0,00;;;;;
;;;;;;;;;;;;;;
01.01.03.14 - RETENCION IVA (A);;;;;;;;;;;;;;
Asiento Nş;;;Fecha;Concepto;;;Debe;;Haber;;Saldo;;;
      199);;;31/01/26;Gastos y Comisiones Bancarias-Banco Ciudad;;;1.600,24;;;;1.600,24;;;
      345);;;28/02/26;Gastos y Comisiones Bancarias-Banco Ciudad;;;1.600,24;;;;3.200,48;;;
      515);;;31/03/26;Gastos y Comisiones Bancarias-Banco Ciudad;;;2.172,63;;;;5.373,11;;;
      525);;;31/03/26;Reclasificacion de cuentas de impuestos;;;;;6.973,35;;-1.600,24;;;
      696);;;30/04/26;Gastos y Comisiones Bancarias-Banco Ciudad;;;1.600,24;;;;0,00;;;
;;;;;;;6.973,35;;6.973,35;;;;;
;;;;;;;;;;;;;;
01.01.03.16 - RETENCION GCIAS (A);;;;;;;;;;;;;;
Asiento Nş;;;Fecha;Concepto;;;Debe;;Haber;;Saldo;;;
      1);;;01/01/26;Automático: Asiento de Inicio;;;28.636.786,07;;;;28.636.786,07;;;
      77);;;08/01/26;Cobros: s/ Rec. Nş2097 - OSPERYHRA;;;9.743,39;;;;28.646.529,46;;;
      80);;;09/01/26;Cobros: s/ Rec. Nş2095 - O.S. DEL PER. DEL JOCKEY CLUB DE ROSARIO;;;64.463,30;;;;28.710.992,76;;;
      123);;;19/01/26;Cobros: s/ Rec. Nş2100 - OSPERYH;;;817.228,33;;;;29.528.221,09;;;
      140);;;20/01/26;Cobros: s/ Rec. Nş2101 - OSPILM;;;237.778,87;;;;29.765.999,96;;;
      141);;;20/01/26;Cobros: s/ Rec. Nş2102 - FATERYH;;;209.305,62;;;;29.975.305,58;;;
      142);;;20/01/26;Cobros: s/ Rec. Nş2103 - OSPERYHRA;;;48.400,00;;;;30.023.705,58;;;
      146);;;21/01/26;Cobros: s/ Rec. Nş2104 - OSLERA;;;4.618,94;;;;30.028.324,52;;;
      152);;;22/01/26;Cobros: s/ Rec. Nş2105 - OSPERYH;;;898.491,75;;;;30.926.816,27;;;
      158);;;23/01/26;Cobros: s/ Rec. Nş2106 - GEA S.A.;;;21.741,93;;;;30.948.558,20;;;
      176);;;28/01/26;Cobros: s/ Rec. Nş200010011 - OSPERYH;;;51.318,86;;;;30.999.877,06;;;
      177);;;28/01/26;Cobros: s/ Rec. Nş200010010 - OSPERYH;;;672.752,37;;;;31.672.629,43;;;
      180);;;29/01/26;Cobros: s/ Rec. Nş200010014 - APDIS;;;35.667,05;;;;31.708.296,48;;;
      268);;;10/02/26;Cobros: s/ Rec. Nş200010016 - O.S. DEL PER. DEL JOCKEY CLUB DE ROSARIO;;;64.463,30;;;;31.772.759,78;;;
      294);;;18/02/26;Cobros: s/ Rec. Nş200010017 - OSPILM;;;123.826,10;;;;31.896.585,88;;;
      303);;;20/02/26;Cobros: s/ Rec. Nş200010018 - GEA S.A.;;;26.589,35;;;;31.923.175,23;;;
      309);;;23/02/26;Cobros: s/ Rec. Nş200010020 - SUTERH;;;40.816,87;;;;31.963.992,10;;;
      310);;;23/02/26;Cobros: s/ Rec. Nş200010019 - OSPERYHRA;;;176.386,28;;;;32.140.378,38;;;
      316);;;24/02/26;Cobros: s/ Rec. Nş200010023 - OSPERYH;;;895.484,51;;;;33.035.862,89;;;
      330);;;27/02/26;Cobros: s/ Rec. Nş200010024 - APDIS;;;38.860,51;;;;33.074.723,40;;;
      384);;;02/03/26;Cobros: s/ Rec. Nş200010025 - OSLERA;;;52.771,73;;;;33.127.495,13;;;
      391);;;04/03/26;Cobros: s/ Rec. Nş200010027 - OSPERYHRA;;;212.351,66;;;;33.339.846,79;;;
      427);;;11/03/26;Cobros: s/ Rec. Nş200010031 - SUTERH;;;43.003,76;;;;33.382.850,55;;;
      428);;;11/03/26;Cobros: s/ Rec. Nş200010030 - O.S. DEL PER. DEL JOCKEY CLUB DE ROSARIO;;;71.043,97;;;;33.453.894,52;;;
      441);;;13/03/26;Cobros: s/ Rec. Nş200010032 - FATERYH;;;209.305,62;;;;33.663.200,14;;;
      442);;;13/03/26;Cobros: s/ Rec. Nş200010033 - OSPERYHRA;;;10.295,31;;;;33.673.495,45;;;
      456);;;18/03/26;Cobros: s/ Rec. Nş200010034 - OSPILM;;;141.180,19;;;;33.814.675,64;;;
      457);;;18/03/26;Cobros: s/ Rec. Nş200010035 - OSLERA;;;45.825,56;;;;33.860.501,20;;;
      458);;;18/03/26;Cobros: s/ Rec. Nş200010036 - SUTERH;;;44.347,16;;;;33.904.848,36;;;
      467);;;20/03/26;Cobros: s/ Rec. Nş200010037 - APDIS;;;15.016,82;;;;33.919.865,18;;;
      468);;;20/03/26;Cobros: s/ Rec. Nş200010039 - FATERYH;;;219.792,15;;;;34.139.657,33;;;
      469);;;20/03/26;Cobros: s/ Rec. Nş200010038 - GEA S.A.;;;28.156,04;;;;34.167.813,37;;;
      490);;;27/03/26;Cobros: s/ Rec. Nş200010041 - SUTERH;;;44.347,16;;;;34.212.160,53;;;
      571);;;01/04/26;Cobros: s/ Rec. Nş200010042 - OSPERYH;;;424.076,96;;;;34.636.237,49;;;
      587);;;06/04/26;Cobros: s/ Rec. Nş200010043 - O.S. DEL PER. DEL JOCKEY CLUB DE ROSARIO;;;71.043,97;;;;34.707.281,46;;;
      600);;;08/04/26;Cobros: s/ Rec. Nş200010044 - OSPERYHRA;;;62.696,87;;;;34.769.978,33;;;
      617);;;10/04/26;Cobros: s/ Rec. Nş200010046 - OSPILM;;;66.907,35;;;;34.836.885,68;;;
      618);;;10/04/26;Cobros: s/ Rec. Nş200010045 - OSPERYH;;;1.003.027,21;;;;35.839.912,89;;;
      634);;;16/04/26;Cobros: s/ Rec. Nş200010047 - OSLERA;;;25.960,99;;;;35.865.873,88;;;
      645);;;20/04/26;Cobros: s/ Rec. Nş200010051 - APDIS;;;39.008,12;;;;35.904.882,00;;;
      646);;;20/04/26;Cobros: s/ Rec. Nş200010048 - OSPERYHRA;;;26.162,17;;;;35.931.044,17;;;
      647);;;20/04/26;Cobros: s/ Rec. Nş200010049 - OSPERYHRA;;;10.295,31;;;;35.941.339,48;;;
      653);;;23/04/26;Cobros: s/ Rec. Nş200010054 - GEA S.A.;;;23.036,31;;;;35.964.375,79;;;
      659);;;23/04/26;Cobros: s/ Rec. Nş200010053 - SUTERH;;;45.211,45;;;;36.009.587,24;;;
      661);;;24/04/26;Cobros: s/ Rec. Nş200010055 - FATERYH;;;219.792,15;;;;36.229.379,39;;;
      674);;;28/04/26;Cobros: s/ Rec. Nş200010059 - OSPERYHRA;;;129.809,45;;;;36.359.188,84;;;
      774);;;07/05/26;Cobros: s/ Rec. Nş200010066 - OSPERYH;;;51.318,86;;;;36.410.507,70;;;
      776);;;08/05/26;Cobros: s/ Rec. Nş200010062 - OSPERYH;;;220.917,03;;;;36.631.424,73;;;
      777);;;08/05/26;Cobros: s/ Rec. Nş200010063 - OSPERYH;;;53.940,49;;;;36.685.365,22;;;
      780);;;08/05/26;Cobros: s/ Rec. Nş200010067 - OSPERYH;;;53.940,49;;;;36.739.305,71;;;
      803);;;14/05/26;Cobros: s/ Rec. Nş200010068 - OSPERYHRA;;;10.295,31;;;;36.749.601,02;;;
      808);;;18/05/26;Cobros: s/ Rec. Nş200010069 - O.S. DEL PER. DEL JOCKEY CLUB DE ROSARIO;;;73.935,98;;;;36.823.537,00;;;
      810);;;20/05/26;Cobros: s/ Rec. Nş200010071 - OSLERA;;;27.728,50;;;;36.851.265,50;;;
      811);;;21/05/26;Cobros: s/ Rec. Nş200010072 - OSPILM;;;137.932,92;;;;36.989.198,42;;;
      813);;;27/05/26;Cobros: s/ Rec. Nş200010074 - FATERYH;;;219.792,15;;;;37.208.990,57;;;
      814);;;27/05/26;Cobros: s/ Rec. Nş200010075 - OSPERYHRA;;;178.599,90;;;;37.387.590,47;;;
      815);;;27/05/26;Cobros: s/ Rec. Nş200010073 - GEA S.A.;;;28.156,04;;;;37.415.746,51;;;
      816);;;29/05/26;Cobros: s/ Rec. Nş200010076 - APDIS;;;53.494,62;;;;37.469.241,13;;;
      845);;;02/06/26;Cobros: s/ Rec. Nş200010077 - OSPERYH;;;988.199,41;;;;38.457.440,54;;;
;;;;;;;38.457.440,54;;0,00;;;;;
;;;;;;;;;;;;;;
01.01.03.18 - RETENCION IB (A);;;;;;;;;;;;;;
Asiento Nş;;;Fecha;Concepto;;;Debe;;Haber;;Saldo;;;
      1);;;01/01/26;Automático: Asiento de Inicio;;;6.498.480,70;;;;6.498.480,70;;;
      123);;;19/01/26;Cobros: s/ Rec. Nş2100 - OSPERYH;;;715.074,78;;;;7.213.555,48;;;
      152);;;22/01/26;Cobros: s/ Rec. Nş2105 - OSPERYH;;;787.355,75;;;;8.000.911,23;;;
      176);;;28/01/26;Cobros: s/ Rec. Nş200010011 - OSPERYH;;;46.079,47;;;;8.046.990,70;;;
      177);;;28/01/26;Cobros: s/ Rec. Nş200010010 - OSPERYH;;;588.658,33;;;;8.635.649,03;;;
      192);;;31/01/26;Gastos y Comisiones Bancarias-Santander;;;7.149.864,97;;;;15.785.514,00;;;
      197);;;31/01/26;Devengamiento IIBB Enero 2026;;;;;9.287.033,30;;6.498.480,70;;;
      316);;;24/02/26;Cobros: s/ Rec. Nş200010023 - OSPERYH;;;783.548,95;;;;7.282.029,65;;;
      341);;;28/02/26;Gastos y Comisiones Bancarias-Santander;;;3.814.843,83;;;;11.096.873,48;;;
      343);;;28/02/26;Devengamiento IIBB Febrero 2026;;;;;3.814.843,83;;7.282.029,65;;;
      466);;;20/03/26;Gastos y Comisiones Bancarias-Santander;;;64.284,44;;;;7.346.314,09;;;
      501);;;31/03/26;Gastos y Comisiones Bancarias-Santander;;;5.314,19;;;;7.351.628,28;;;
      523);;;31/03/26;Devengamiento IIBB Marzo 2026;;;;;155.222,94;;7.196.405,34;;;
      524);;;31/03/26;Reclasificaiocn Ingresos Brutos;;;;;984.685,74;;6.211.719,60;;;
      571);;;01/04/26;Cobros: s/ Rec. Nş200010042 - OSPERYH;;;371.067,34;;;;6.582.786,94;;;
      618);;;10/04/26;Cobros: s/ Rec. Nş200010045 - OSPERYH;;;877.648,81;;;;7.460.435,75;;;
      690);;;30/04/26;Gastos Bancarios Banco Frances;;;4.675,75;;;;7.465.111,50;;;
      701);;;30/04/26;Gastos Bancarios Santander;;;14.460,40;;;;7.479.571,90;;;
      734);;;04/05/26;(sircreb) Movimientos Banco Santander;;;1.000,00;;;;7.480.571,90;;;
      774);;;07/05/26;Cobros: s/ Rec. Nş200010066 - OSPERYH;;;46.079,47;;;;7.526.651,37;;;
      776);;;08/05/26;Cobros: s/ Rec. Nş200010062 - OSPERYH;;;193.302,40;;;;7.719.953,77;;;
      777);;;08/05/26;Cobros: s/ Rec. Nş200010063 - OSPERYH;;;48.373,40;;;;7.768.327,17;;;
      780);;;08/05/26;Cobros: s/ Rec. Nş200010067 - OSPERYH;;;48.373,40;;;;7.816.700,57;;;
      798);;;12/05/26;Gastos Bancarios Santander;;;5.285,93;;;;7.821.986,50;;;
      801);;;13/05/26;Comisiones Bancarias Frances;;;9.430,48;;;;7.831.416,98;;;
      845);;;02/06/26;Cobros: s/ Rec. Nş200010077 - OSPERYH;;;864.674,49;;;;8.696.091,47;;;
;;;;;;;22.937.877,28;;14.241.785,81;;;;;
;;;;;;;;;;;;;;
01.01.03.19 - SALDO A FAVOR I.BRUTOS (A);;;;;;;;;;;;;;
Asiento Nş;;;Fecha;Concepto;;;Debe;;Haber;;Saldo;;;
      1);;;01/01/26;Automático: Asiento de Inicio;;;41.415,05;;;;41.415,05;;;
      197);;;31/01/26;Devengamiento IIBB Enero 2026;;;8.100.555,86;;;;8.141.970,91;;;
      197);;;31/01/26;Devengamiento IIBB Enero 2026;;;;;41.415,05;;8.100.555,86;;;
      343);;;28/02/26;Devengamiento IIBB Febrero 2026;;;10.926.564,98;;;;19.027.120,84;;;
      343);;;28/02/26;Devengamiento IIBB Febrero 2026;;;;;8.100.555,86;;10.926.564,98;;;
      523);;;31/03/26;Devengamiento IIBB Marzo 2026;;;11.568.960,29;;;;22.495.525,27;;;
      523);;;31/03/26;Devengamiento IIBB Marzo 2026;;;;;10.926.564,98;;11.568.960,29;;;
      650);;;21/04/26;Recupero Saldo a Favor IIBB;;;;;11.433.219,28;;135.741,01;;;
;;;;;;;30.637.496,18;;30.501.755,17;;;;;
;;;;;;;;;;;;;;
01.01.03.20 - IMP GANANCIAS SDO A FAVOR (A);;;;;;;;;;;;;;
Asiento Nş;;;Fecha;Concepto;;;Debe;;Haber;;Saldo;;;
      1);;;01/01/26;Automático: Asiento de Inicio;;;14.913.682,65;;;;14.913.682,65;;;
      295);;;19/02/26;(Periodo 2024) Compensacion IVA;;;;;14.913.682,65;;0,00;;;
;;;;;;;14.913.682,65;;14.913.682,65;;;;;
;;;;;;;;;;;;;;
01.02.01.04 - EQUIPOS DE COMPUTACION (A);;;;;;;;;;;;;;
Asiento Nş;;;Fecha;Concepto;;;Debe;;Haber;;Saldo;;;
      1);;;01/01/26;Automático: Asiento de Inicio;;;67.822.676,71;;;;67.822.676,71;;;
;;;;;;;67.822.676,71;;0,00;;;;;
;;;;;;;;;;;;;;
01.02.01.05 - AMORT ACUM EQUIPOS COMPUTACION (A);;;;;;;;;;;;;;
Asiento Nş;;;Fecha;Concepto;;;Debe;;Haber;;Saldo;;;
      1);;;01/01/26;Automático: Asiento de Inicio;;;;;64.629.396,31;;-64.629.396,31;;;
;;;;;;;0,00;;64.629.396,31;;;;;
;;;;;;;;;;;;;;
01.02.01.07 - FIDEICOMISO INMOBILIARIO (A);;;;;;;;;;;;;;
Asiento Nş;;;Fecha;Concepto;;;Debe;;Haber;;Saldo;;;
      1);;;01/01/26;Automático: Asiento de Inicio;;;35.466.382,21;;;;35.466.382,21;;;
;;;;;;;35.466.382,21;;0,00;;;;;
;;;;;;;;;;;;;;
01.02.02.01 - DEUDORES EN GESTION JUDICIAL (A);;;;;;;;;;;;;;
Asiento Nş;;;Fecha;Concepto;;;Debe;;Haber;;Saldo;;;
      1);;;01/01/26;Automático: Asiento de Inicio;;;59.438.926,44;;;;59.438.926,44;;;
;;;;;;;59.438.926,44;;0,00;;;;;
;;;;;;;;;;;;;;
01.02.02.02 - OTROS CREDITOS (A);;;;;;;;;;;;;;
Asiento Nş;;;Fecha;Concepto;;;Debe;;Haber;;Saldo;;;
      1);;;01/01/26;Automático: Asiento de Inicio;;;8.980.666,16;;;;8.980.666,16;;;
;;;;;;;8.980.666,16;;0,00;;;;;
;;;;;;;;;;;;;;
01.02.03.01 - INTANGIBLES EN DESARROLO (A);;;;;;;;;;;;;;
Asiento Nş;;;Fecha;Concepto;;;Debe;;Haber;;Saldo;;;
      1);;;01/01/26;Automático: Asiento de Inicio;;;120.779.518,34;;;;120.779.518,34;;;
;;;;;;;120.779.518,34;;0,00;;;;;
;;;;;;;;;;;;;;
02.01.01.01 - PROVEEDORES (P);;;;;;;;;;;;;;
Asiento Nş;;;Fecha;Concepto;;;Debe;;Haber;;Saldo;;;
      1);;;01/01/26;Automático: Asiento de Inicio;;;;;92.466.891,26;;-92.466.891,26;;;
      1);;;01/01/26;Automático: Asiento de Inicio;;;380.506,95;;;;-92.086.384,31;;;
      2);;;01/01/26;Compras: s/F A  Nş -00002341 - CESAR AUGUSTO ARCARO MALITO;;;;;960.755,37;;-93.047.139,68;;;
      3);;;01/01/26;Compras: s/F A  Nş -00002342 - CESAR AUGUSTO ARCARO MALITO;;;;;484.000,00;;-93.531.139,68;;;
      4);;;01/01/26;Compras: s/F A  Nş -00002343 - CESAR AUGUSTO ARCARO MALITO;;;;;1.158.559,86;;-94.689.699,54;;;
      5);;;01/01/26;Compras: s/F A  Nş -00002344 - CESAR AUGUSTO ARCARO MALITO;;;;;2.490.271,85;;-97.179.971,39;;;
      6);;;01/01/26;Compras: s/F C  Nş -00001173 - LUCIANO ORSI;;;;;502.125,00;;-97.682.096,39;;;
      7);;;01/01/26;Compras: s/F C  Nş -00001174 - LUCIANO ORSI;;;;;595.432,00;;-98.277.528,39;;;
      8);;;01/01/26;Compras: s/F C  Nş -00001175 - LUCIANO ORSI;;;;;916.933,00;;-99.194.461,39;;;
      9);;;01/01/26;Compras: s/F C  Nş -00001176 - LUCIANO ORSI;;;;;502.123,00;;-99.696.584,39;;;
      35);;;02/01/26;Compras: s/F A  Nş -00001633 - SACCOL EMILIANO;;;;;548.704,75;;-100.245.289,14;;;
      36);;;02/01/26;Compras: s/F A  Nş -00004455 - ARQUETIPONET S.R.L.;;;;;272.536,05;;-100.517.825,19;;;
      37);;;02/01/26;Compras: s/F A  Nş -00006038 - WNS & ASOCIADOS S.R.L.;;;;;2.256.287,00;;-102.774.112,19;;;
      38);;;02/01/26;Compras: s/F A  Nş -00003577 - FUNDACION CONSENSO;;;;;242.582,01;;-103.016.694,20;;;
      39);;;02/01/26;Compras: s/F A  Nş -00025183 - MINDER S A;;;;;54.740,32;;-103.071.434,52;;;
      40);;;02/01/26;Compras: s/F C  Nş -00000200 - RODRIGUEZ PILAR;;;;;1.783.100,00;;-104.854.534,52;;;
      45);;;02/01/26;Compras: s/OC  Nş -00215625 - BANCO DE LA CIUDAD DE BUENOS AIRES;;;;;207.860,80;;-105.062.395,32;;;
      46);;;02/01/26;Compras: s/OC  Nş -04001678 - BANCO DE LA CIUDAD DE BUENOS AIRES;;;;;871.363,14;;-105.933.758,46;;;
      47);;;02/01/26;Compras: s/OC  Nş -04001809 - BANCO DE LA CIUDAD DE BUENOS AIRES;;;;;759.530,44;;-106.693.288,90;;;
      48);;;02/01/26;Compras: s/OC  Nş -04001923 - BANCO DE LA CIUDAD DE BUENOS AIRES;;;;;1.060.402,12;;-107.753.691,02;;;
      49);;;02/01/26;Compras: s/OC  Nş -13318108 - BANCO BBVA ARGENTINA;;;;;2.204.746,29;;-109.958.437,31;;;
      50);;;02/01/26;Compras: s/OC  Nş -13318109 - BANCO BBVA ARGENTINA;;;;;2.306.126,15;;-112.264.563,46;;;
      51);;;02/01/26;Compras: s/OC  Nş -13318110 - BANCO BBVA ARGENTINA;;;;;2.263.455,25;;-114.528.018,71;;;
      52);;;02/01/26;Compras: s/OC  Nş -13318111 - BANCO BBVA ARGENTINA;;;;;2.126.600,30;;-116.654.619,01;;;
      55);;;02/01/26;Pagos: s/ O.Pago Nş6216 - BANCO BBVA ARGENTINA;;;2.126.600,30;;;;-114.528.018,71;;;
      56);;;02/01/26;Pagos: s/ O.Pago Nş6258 - BANCO BBVA ARGENTINA;;;6.774.327,69;;;;-107.753.691,02;;;
      58);;;02/01/26;Pagos: s/ O.Pago Nş6260 - BANCO SANTANDER RIO SA;;;2.266.221,72;;;;-105.487.469,30;;;
      59);;;02/01/26;Pagos: s/ O.Pago Nş6259 - BANCO DE LA CIUDAD DE BUENOS AIRES;;;2.899.156,50;;;;-102.588.312,80;;;
      62);;;04/01/26;Compras: s/F A  Nş -00000470 - DAURAT MERCEDES MARIA;;;;;6.050.000,00;;-108.638.312,80;;;
      64);;;05/01/26;Compras: s/OC  Nş -72110420 - BANCO SANTANDER RIO SA;;;;;169.575,96;;-108.807.888,76;;;
      65);;;05/01/26;Pagos: s/ O.Pago Nş6147 - BANCO SANTANDER RIO SA;;;169.575,96;;;;-108.638.312,80;;;
      69);;;06/01/26;Compras: s/F C  Nş -00000120 - MERCEDES FRATTINI;;;;;1.500.000,00;;-110.138.312,80;;;
      70);;;06/01/26;Compras: s/F C  Nş -00000121 - MERCEDES FRATTINI;;;;;882.000,00;;-111.020.312,80;;;
      72);;;06/01/26;Pagos: s/ O.Pago Nş6148 - BANCO SANTANDER RIO SA;;;1.213.596,78;;;;-109.806.716,02;;;
      78);;;09/01/26;Pagos: s/ O.Pago Nş6093 - TELEFONICA MOVILES ARGENT;;;160.671,83;;;;-109.646.044,19;;;
      79);;;09/01/26;Pagos: s/ O.Pago Nş6095 - CESAR AUGUSTO ARCARO MALITO;;;4.606.646,78;;;;-105.039.397,41;;;
      81);;;09/01/26;Compras: s/F A  Nş -00001640 - SACCOL EMILIANO;;;;;181.500,00;;-105.220.897,41;;;
      83);;;09/01/26;Pagos: s/ O.Pago Nş6149 - BANCO SANTANDER RIO SA;;;268.620,03;;;;-104.952.277,38;;;
      86);;;09/01/26;Pagos: s/ O.Pago Nş6094 - LUCIANO ORSI;;;2.516.613,00;;;;-102.435.664,38;;;
      87);;;09/01/26;Pagos: s/ O.Pago Nş6246 - SCHNEIDER ALAN NICOLAS;;;53.006,88;;;;-102.382.657,50;;;
      88);;;09/01/26;Pagos: s/ O.Pago Nş6247 - OSDE ORGANIZACION DE SERVICIOS DIRECTOS;;;12.639,35;;;;-102.370.018,15;;;
      89);;;09/01/26;Pagos: s/ O.Pago Nş6251 - ENCODE S.A.;;;87.120,00;;;;-102.282.898,15;;;
      90);;;12/01/26;Compras: s/F C  Nş -00000137 - MORABITO FEDERICO JAVIER;;;;;216.500,00;;-102.499.398,15;;;
      96);;;13/01/26;Pagos: s/ O.Pago Nş6085 - CANDIA DOMINGUEZ LUCIA BELEN;;;295.480,00;;;;-102.203.918,15;;;
      98);;;13/01/26;Compras: s/F C  Nş -00000028 - ANDREACCHIO RODOLFO;;;;;900.000,00;;-103.103.918,15;;;
      99);;;13/01/26;Pagos: s/ O.Pago Nş6245 - DINAMICA COMERCIAL  SRL;;;16.000,00;;;;-103.087.918,15;;;
      101);;;14/01/26;Pagos: s/ O.Pago Nş6150 - BANCO SANTANDER RIO SA;;;434.457,58;;;;-102.653.460,57;;;
      104);;;15/01/26;Compras: s/F C  Nş -00000124 - MERCEDES FRATTINI;;;;;1.047.986,80;;-103.701.447,37;;;
      116);;;16/01/26;Compras: s/OC  Nş -00220301 - BANCO DE LA CIUDAD DE BUENOS AIRES;;;;;680.223,61;;-104.381.670,98;;;
      119);;;16/01/26;Pagos: s/ O.Pago Nş6232 - BANCO DE LA CIUDAD DE BUENOS AIRES;;;680.223,61;;;;-103.701.447,37;;;
      120);;;16/01/26;Pagos: s/ O.Pago Nş6242 - CAMARA DE EMPRESAS DE SOFTWARE Y SERVICIOS INF;;;60.000,00;;;;-103.641.447,37;;;
      121);;;19/01/26;Pagos: s/ O.Pago Nş6075 - NUBI S.A.;;;130.487,30;;;;-103.510.960,07;;;
      122);;;19/01/26;Pagos: s/ O.Pago Nş6076 - SACCOL EMILIANO;;;191.785,00;;;;-103.319.175,07;;;
      124);;;19/01/26;Compras: s/F A  Nş -00001642 - SACCOL EMILIANO;;;;;191.785,00;;-103.510.960,07;;;
      125);;;19/01/26;Compras: s/F C  Nş -00000669 - ALLER ROCIO BELEN;;;;;35.000,00;;-103.545.960,07;;;
      130);;;19/01/26;Compras: s/OC  Nş -04002057 - BANCO DE LA CIUDAD DE BUENOS AIRES;;;;;74.473,31;;-103.620.433,38;;;
      131);;;19/01/26;Pagos: s/ O.Pago Nş6228 - BANCO DE LA CIUDAD DE BUENOS AIRES;;;74.473,31;;;;-103.545.960,07;;;
      132);;;20/01/26;Pagos: s/ O.Pago Nş6078 - DANIELA ALEJANDRA VAZQUEZ;;;1.500.000,00;;;;-102.045.960,07;;;
      133);;;20/01/26;Pagos: s/ O.Pago Nş6079 - ANDREACCHIO RODOLFO;;;900.000,00;;;;-101.145.960,07;;;
      134);;;20/01/26;Pagos: s/ O.Pago Nş6082 - RODRIGUEZ PILAR;;;1.783.000,00;;;;-99.362.960,07;;;
      135);;;20/01/26;Pagos: s/ O.Pago Nş6084 - WNS & ASOCIADOS S.R.L.;;;2.076.239,00;;;;-97.286.721,07;;;
      136);;;20/01/26;Pagos: s/ O.Pago Nş6097 - MARIA SOLEDAD PASCALE;;;2.500.000,00;;;;-94.786.721,07;;;
      137);;;20/01/26;Pagos: s/ O.Pago Nş6099 - FABIOLA LANDIN;;;726.000,00;;;;-94.060.721,07;;;
      138);;;20/01/26;Pagos: s/ O.Pago Nş6101 - CESAR AUGUSTO ARCARO MALITO;;;1.316.250,00;;;;-92.744.471,07;;;
      139);;;20/01/26;Pagos: s/ O.Pago Nş6102 - MORABITO FEDERICO JAVIER;;;216.500,00;;;;-92.527.971,07;;;
      143);;;20/01/26;Pagos: s/ O.Pago Nş6103 - DAURAT MERCEDES MARIA;;;6.050.000,00;;;;-86.477.971,07;;;
      145);;;20/01/26;Pagos: s/ O.Pago Nş6080 - MERCEDES FRATTINI;;;1.047.986,80;;;;-85.429.984,27;;;
      149);;;21/01/26;Pagos: s/ O.Pago Nş6179 - YOMHA DANTE;;;5.000.000,00;;;;-80.429.984,27;;;
      153);;;22/01/26;Compras: s/F A  Nş -00010321 - NUBI S.A.;;;;;66.095,97;;-80.496.080,24;;;
      159);;;23/01/26;Compras: s/F A  Nş -00237670 - GALENO ARGENTINA SOCIEDAD ANONIMA;;;;;106.105,02;;-80.602.185,26;;;
      162);;;23/01/26;Pagos: s/ O.Pago Nş6151 - BANCO SANTANDER RIO SA;;;410.456,28;;;;-80.191.728,98;;;
      166);;;23/01/26;Pagos: s/ O.Pago Nş6229 - BANCO DE LA CIUDAD DE BUENOS AIRES;;;531.460,36;;;;-79.660.268,62;;;
      167);;;26/01/26;Compras: s/F A  Nş -00000018 - FABIOLA LANDIN;;;;;726.000,00;;-80.386.268,62;;;
      168);;;26/01/26;Compras: s/F C  Nş -00000069 - LUCAS LEONARDO EIROS;;;;;5.000.000,00;;-85.386.268,62;;;
      169);;;26/01/26;Pagos: s/ O.Pago Nş6146 - LUCAS LEONARDO EIROS;;;5.000.000,00;;;;-80.386.268,62;;;
      170);;;27/01/26;Pagos: s/ O.Pago Nş6091 - MERCEDES FRATTINI;;;2.382.000,00;;;;-78.004.268,62;;;
      171);;;27/01/26;Pagos: s/ O.Pago Nş6092 - ALLER ROCIO BELEN;;;35.000,00;;;;-77.969.268,62;;;
      172);;;28/01/26;Pagos: s/ O.Pago Nş6104 - GOLAWARE S.R.L.;;;757.218,00;;;;-77.212.050,62;;;
      174);;;28/01/26;Compras: s/F A  Nş -00004173 - CONTATECH;;;;;36.300,00;;-77.248.350,62;;;
      175);;;28/01/26;Compras: s/F A  Nş -00211440 - TELEFONICA MOVILES ARGENT;;;;;168.433,58;;-77.416.784,20;;;
      178);;;28/01/26;Pagos: s/ O.Pago Nş6217 - BANCO BBVA ARGENTINA;;;2.076.818,93;;;;-75.339.965,27;;;
      182);;;30/01/26;Pagos: s/ O.Pago Nş6087 - FUNDACION CONSENSO;;;228.850,93;;;;-75.111.114,34;;;
      183);;;30/01/26;Pagos: s/ O.Pago Nş6088 - SACCOL EMILIANO;;;1.229.027,25;;;;-73.882.087,09;;;
      184);;;30/01/26;Pagos: s/ O.Pago Nş6089 - MINDER S A;;;61.415,96;;;;-73.820.671,13;;;
      185);;;30/01/26;Pagos: s/ O.Pago Nş6090 - WNS & ASOCIADOS S.R.L.;;;2.256.287,00;;;;-71.564.384,13;;;
      186);;;30/01/26;Compras: s/F A  Nş -00000381 - SANDJIAN & ASOCIADOS;;;;;2.904.000,00;;-74.468.384,13;;;
      187);;;30/01/26;Compras: s/F A  Nş -00000382 - SANDJIAN & ASOCIADOS;;;;;931.700,00;;-75.400.084,13;;;
      189);;;30/01/26;Pagos: s/ O.Pago Nş6175 - LUCAS LEONARDO EIROS;;;6.000.000,00;;;;-69.400.084,13;;;
      190);;;31/01/26;Compras: s/F A  Nş -00005793 - GOLAWARE S.R.L.;;;;;747.054,00;;-70.147.138,13;;;
      191);;;31/01/26;Compras: s/F A  Nş -00006254 - WNS & ASOCIADOS S.R.L.;;;;;2.256.287,00;;-72.403.425,13;;;
      193);;;31/01/26;Compras: s/F C  Nş -00000093 - YOMHA DANTE;;;;;5.800.000,00;;-78.203.425,13;;;
      194);;;31/01/26;Compras: s/F C  Nş -00000170 - YOMHA GALILEO;;;;;2.500.000,00;;-80.703.425,13;;;
      195);;;31/01/26;Compras: s/F C  Nş -00000090 - YOMHA FRANCO;;;;;5.800.000,00;;-86.503.425,13;;;
      200);;;31/01/26;Compras: s/OC  Nş -31012026 - BANCO MACRO CTA CTE;;;;;68.704,70;;-86.572.129,83;;;
      202);;;31/01/26;Pagos: s/ O.Pago Nş6220 - BANCO BBVA ARGENTINA;;;77.668,96;;;;-86.494.460,87;;;
      204);;;31/01/26;Pagos: s/ O.Pago Nş6224 - BANCO GALICIA;;;72.243,39;;;;-86.422.217,48;;;
      205);;;31/01/26;Pagos: s/ O.Pago Nş6233 - BANCO MACRO CTA CTE;;;68.704,70;;;;-86.353.512,78;;;
      207);;;31/01/26;Pagos: s/ O.Pago Nş6262 - TELEFONICA MOVILES ARGENT;;;263,70;;;;-86.353.249,08;;;
      209);;;01/02/26;Compras: s/F A  Nş -00000473 - DAURAT MERCEDES MARIA;;;;;6.050.000,00;;-92.403.249,08;;;
      210);;;01/02/26;Compras: s/F A  Nş -00004478 - ARQUETIPONET S.R.L.;;;;;280.139,20;;-92.683.388,28;;;
      211);;;01/02/26;Compras: s/F A  Nş -00002370 - CESAR AUGUSTO ARCARO MALITO;;;;;960.755,37;;-93.644.143,65;;;
      212);;;01/02/26;Compras: s/F A  Nş -00002371 - CESAR AUGUSTO ARCARO MALITO;;;;;484.000,00;;-94.128.143,65;;;
      213);;;01/02/26;Compras: s/F A  Nş -00002372 - CESAR AUGUSTO ARCARO MALITO;;;;;1.158.559,86;;-95.286.703,51;;;
      214);;;01/02/26;Compras: s/F A  Nş -00002373 - CESAR AUGUSTO ARCARO MALITO;;;;;2.490.271,85;;-97.776.975,36;;;
      215);;;01/02/26;Compras: s/F C  Nş -00001206 - LUCIANO ORSI;;;;;502.125,00;;-98.279.100,36;;;
      216);;;01/02/26;Compras: s/F C  Nş -00001207 - LUCIANO ORSI;;;;;595.432,00;;-98.874.532,36;;;
      217);;;01/02/26;Compras: s/F C  Nş -00001208 - LUCIANO ORSI;;;;;916.933,00;;-99.791.465,36;;;
      218);;;01/02/26;Compras: s/F C  Nş -00001209 - LUCIANO ORSI;;;;;502.123,00;;-100.293.588,36;;;
      230);;;01/02/26;Compras: s/OC  Nş -73031720 - BANCO SANTANDER RIO SA;;;;;410.456,28;;-100.704.044,64;;;
      231);;;01/02/26;Compras: s/OC  Nş -82817110 - BANCO SANTANDER RIO SA;;;;;434.457,58;;-101.138.502,22;;;
      232);;;01/02/26;Compras: s/OC  Nş -08660637 - BANCO SANTANDER RIO SA;;;;;268.620,03;;-101.407.122,25;;;
      233);;;01/02/26;Compras: s/OC  Nş -08976493 - BANCO SANTANDER RIO SA;;;;;1.213.596,78;;-102.620.719,03;;;
      234);;;02/02/26;Compras: s/F A  Nş -00003593 - FUNDACION CONSENSO;;;;;242.582,01;;-102.863.301,04;;;
      235);;;02/02/26;Compras: s/F A  Nş -00026325 - MINDER S A;;;;;56.273,05;;-102.919.574,09;;;
      236);;;02/02/26;Compras: s/F C  Nş -00000041 - MARIA SOLEDAD PASCALE;;;;;2.500.000,00;;-105.419.574,09;;;
      237);;;02/02/26;Compras: s/F C  Nş -00000203 - RODRIGUEZ PILAR;;;;;1.783.100,00;;-107.202.674,09;;;
      238);;;02/02/26;Compras: s/F C  Nş -00000125 - MERCEDES FRATTINI;;;;;1.047.986,80;;-108.250.660,89;;;
      239);;;02/02/26;Compras: s/F C  Nş -00000126 - MERCEDES FRATTINI;;;;;1.500.000,00;;-109.750.660,89;;;
      240);;;02/02/26;Compras: s/F C  Nş -00000127 - MERCEDES FRATTINI;;;;;536.136,76;;-110.286.797,65;;;
      245);;;03/02/26;Compras: s/OC  Nş -72110421 - BANCO SANTANDER RIO SA;;;;;136.205,94;;-110.423.003,59;;;
      247);;;03/02/26;Pagos: s/ O.Pago Nş6152 - BANCO SANTANDER RIO SA;;;136.205,94;;;;-110.286.797,65;;;
      252);;;04/02/26;Compras: s/F A  Nş -00001644 - SACCOL EMILIANO;;;;;548.704,75;;-110.835.502,40;;;
      253);;;04/02/26;Pagos: s/ O.Pago Nş6169 - YOMHA GALILEO;;;3.000.000,00;;;;-107.835.502,40;;;
      255);;;06/02/26;Pagos: s/ O.Pago Nş6123 - SANDJIAN & ASOCIADOS;;;931.700,00;;;;-106.903.802,40;;;
      259);;;06/02/26;Compras: s/OC  Nş -08976494 - BANCO SANTANDER RIO SA;;;;;1.177.902,76;;-108.081.705,16;;;
      260);;;06/02/26;Pagos: s/ O.Pago Nş6153 - BANCO SANTANDER RIO SA;;;1.177.902,76;;;;-106.903.802,40;;;
      263);;;09/02/26;Pagos: s/ O.Pago Nş6134 - TELEFONICA MOVILES ARGENT;;;168.433,58;;;;-106.735.368,82;;;
      265);;;09/02/26;Compras: s/OC  Nş -86606308 - BANCO SANTANDER RIO SA;;;;;227.952,36;;-106.963.321,18;;;
      266);;;09/02/26;Pagos: s/ O.Pago Nş6154 - BANCO SANTANDER RIO SA;;;227.952,36;;;;-106.735.368,82;;;
      270);;;11/02/26;Pagos: s/ O.Pago Nş6125 - CESAR AUGUSTO ARCARO MALITO;;;4.609.587,08;;;;-102.125.781,74;;;
      275);;;11/02/26;Pagos: s/ O.Pago Nş6124 - LUCIANO ORSI;;;2.471.613,00;;;;-99.654.168,74;;;
      276);;;13/02/26;Compras: s/F A  Nş -00010690 - NUBI S.A.;;;;;44.063,98;;-99.698.232,72;;;
      278);;;15/02/26;Compras: s/F C  Nş -00000029 - ANDREACCHIO RODOLFO;;;;;900.000,00;;-100.598.232,72;;;
      283);;;18/02/26;Pagos: s/ O.Pago Nş6136 - MARIA SOLEDAD PASCALE;;;2.500.000,00;;;;-98.098.232,72;;;
      291);;;18/02/26;Compras: s/OC  Nş -82817111 - BANCO SANTANDER RIO SA;;;;;414.458,29;;-98.512.691,01;;;
      292);;;18/02/26;Pagos: s/ O.Pago Nş6155 - BANCO SANTANDER RIO SA;;;414.458,29;;;;-98.098.232,72;;;
      296);;;20/02/26;Compras: s/F A  Nş -00239422 - GALENO ARGENTINA SOCIEDAD ANONIMA;;;;;169.281,87;;-98.267.514,59;;;
      305);;;23/02/26;Pagos: s/ O.Pago Nş6111 - MORABITO FEDERICO JAVIER;;;216.500,00;;;;-98.051.014,59;;;
      307);;;23/02/26;Compras: s/F A  Nş -00004500 - ARQUETIPONET S.R.L.;;;;;163.350,00;;-98.214.364,59;;;
      308);;;23/02/26;Compras: s/F C  Nş -00000139 - MORABITO FEDERICO JAVIER;;;;;216.500,00;;-98.430.864,59;;;
      311);;;24/02/26;Pagos: s/ O.Pago Nş6109 - MINDER S A;;;171.048,52;;;;-98.259.816,07;;;
      312);;;24/02/26;Pagos: s/ O.Pago Nş6112 - RODRIGUEZ PILAR;;;1.783.000,00;;;;-96.476.816,07;;;
      313);;;24/02/26;Pagos: s/ O.Pago Nş6113 - DAURAT MERCEDES MARIA;;;6.050.000,00;;;;-90.426.816,07;;;
      315);;;24/02/26;Compras: s/F A  Nş -00004751 - CONTATECH;;;;;39.930,00;;-90.466.746,07;;;
      317);;;24/02/26;Pagos: s/ O.Pago Nş6243 - CONTATECH;;;76.230,00;;;;-90.390.516,07;;;
      318);;;25/02/26;Pagos: s/ O.Pago Nş6117 - NUBI S.A.;;;66.095,97;;;;-90.324.420,10;;;
      319);;;25/02/26;Pagos: s/ O.Pago Nş6114 - MERCEDES FRATTINI;;;2.036.136,76;;;;-88.288.283,34;;;
      320);;;25/02/26;Pagos: s/ O.Pago Nş6115 - GOLAWARE S.R.L.;;;747.054,00;;;;-87.541.229,34;;;
      321);;;25/02/26;Pagos: s/ O.Pago Nş6116 - ANDREACCHIO RODOLFO;;;900.000,00;;;;-86.641.229,34;;;
      322);;;25/02/26;Pagos: s/ O.Pago Nş6118 - MERCEDES FRATTINI;;;1.047.986,80;;;;-85.593.242,54;;;
      323);;;25/02/26;Pagos: s/ O.Pago Nş6119 - SACCOL EMILIANO;;;548.704,75;;;;-85.044.537,79;;;
      324);;;25/02/26;Pagos: s/ O.Pago Nş6120 - WNS & ASOCIADOS S.R.L.;;;2.256.287,00;;;;-82.788.250,79;;;
      328);;;25/02/26;Pagos: s/ O.Pago Nş6176 - LUCAS LEONARDO EIROS;;;6.000.000,00;;;;-76.788.250,79;;;
      332);;;27/02/26;Pagos: s/ O.Pago Nş6168 - YOMHA FRANCO;;;5.085.000,00;;;;-71.703.250,79;;;
      333);;;28/02/26;Compras: s/F A  Nş -00000391 - SANDJIAN & ASOCIADOS;;;;;931.700,00;;-72.634.950,79;;;
      334);;;28/02/26;Compras: s/F A  Nş -00000392 - SANDJIAN & ASOCIADOS;;;;;2.904.000,00;;-75.538.950,79;;;
      335);;;28/02/26;Compras: s/F A  Nş -00006029 - GOLAWARE S.R.L.;;;;;734.349,00;;-76.273.299,79;;;
      336);;;28/02/26;Compras: s/F A  Nş -00006370 - WNS & ASOCIADOS S.R.L.;;;;;2.256.287,00;;-78.529.586,79;;;
      337);;;28/02/26;Compras: s/F A  Nş -00217648 - TELEFONICA MOVILES ARGENT;;;;;175.145,68;;-78.704.732,47;;;
      338);;;28/02/26;Compras: s/F C  Nş -00000094 - YOMHA DANTE;;;;;5.800.000,00;;-84.504.732,47;;;
      339);;;28/02/26;Compras: s/F C  Nş -00000171 - YOMHA GALILEO;;;;;5.800.000,00;;-90.304.732,47;;;
      340);;;28/02/26;Compras: s/F C  Nş -00000091 - YOMHA FRANCO;;;;;5.800.000,00;;-96.104.732,47;;;
      347);;;28/02/26;Pagos: s/ O.Pago Nş6221 - BANCO BBVA ARGENTINA;;;75.232,54;;;;-96.029.499,93;;;
      349);;;28/02/26;Pagos: s/ O.Pago Nş6225 - BANCO GALICIA;;;81.177,17;;;;-95.948.322,76;;;
      351);;;28/02/26;Compras: s/OC  Nş -00202602 - BANCO MACRO CTA CTE;;;;;73.303,09;;-96.021.625,85;;;
      352);;;28/02/26;Pagos: s/ O.Pago Nş6234 - BANCO MACRO CTA CTE;;;73.303,09;;;;-95.948.322,76;;;
      367);;;01/03/26;Compras: s/F A  Nş -00001654 - SACCOL EMILIANO;;;;;548.704,75;;-96.497.027,51;;;
      368);;;01/03/26;Compras: s/F A  Nş -00004521 - ARQUETIPONET S.R.L.;;;;;270.459,20;;-96.767.486,71;;;
      369);;;01/03/26;Compras: s/F A  Nş -00002399 - CESAR AUGUSTO ARCARO MALITO;;;;;960.755,37;;-97.728.242,08;;;
      370);;;01/03/26;Compras: s/F A  Nş -00002400 - CESAR AUGUSTO ARCARO MALITO;;;;;484.000,00;;-98.212.242,08;;;
      371);;;01/03/26;Compras: s/F A  Nş -00002401 - CESAR AUGUSTO ARCARO MALITO;;;;;1.158.559,86;;-99.370.801,94;;;
      372);;;01/03/26;Compras: s/F A  Nş -00002402 - CESAR AUGUSTO ARCARO MALITO;;;;;2.490.271,85;;-101.861.073,79;;;
      373);;;01/03/26;Compras: s/F C  Nş -00001231 - LUCIANO ORSI;;;;;502.125,00;;-102.363.198,79;;;
      374);;;01/03/26;Compras: s/F C  Nş -00001232 - LUCIANO ORSI;;;;;595.432,00;;-102.958.630,79;;;
      375);;;01/03/26;Compras: s/F C  Nş -00001233 - LUCIANO ORSI;;;;;916.933,00;;-103.875.563,79;;;
      376);;;01/03/26;Compras: s/F C  Nş -00001234 - LUCIANO ORSI;;;;;502.123,00;;-104.377.686,79;;;
      378);;;02/03/26;Compras: s/F A  Nş -00003636 - FUNDACION CONSENSO;;;;;261.987,99;;-104.639.674,78;;;
      379);;;02/03/26;Compras: s/F A  Nş -00027509 - MINDER S A;;;;;57.904,96;;-104.697.579,74;;;
      380);;;02/03/26;Compras: s/F C  Nş -00000042 - MARIA SOLEDAD PASCALE;;;;;2.500.000,00;;-107.197.579,74;;;
      382);;;02/03/26;Compras: s/OC  Nş -0003910073031702 - BANCO SANTANDER RIO SA;;;;;338.602,08;;-107.536.181,82;;;
      386);;;03/03/26;Compras: s/OC  Nş -0003910072110402 - BANCO SANTANDER RIO SA;;;;;103.594,49;;-107.639.776,31;;;
      387);;;03/03/26;Pagos: s/ O.Pago Nş6172 - BANCO SANTANDER RIO SA;;;338.602,08;;;;-107.301.174,23;;;
      388);;;03/03/26;Pagos: s/ O.Pago Nş6173 - BANCO SANTANDER RIO SA;;;103.594,49;;;;-107.197.579,74;;;
      390);;;04/03/26;Pagos: s/ O.Pago Nş6121 - CESAR AUGUSTO ARCARO MALITO;;;1.452.000,00;;;;-105.745.579,74;;;
      393);;;04/03/26;Compras: s/F C  Nş -00000206 - RODRIGUEZ PILAR;;;;;1.961.410,00;;-107.706.989,74;;;
      394);;;04/03/26;Compras: s/F C  Nş -00000132 - MERCEDES FRATTINI;;;;;1.047.986,80;;-108.754.976,54;;;
      395);;;04/03/26;Compras: s/F C  Nş -00000133 - MERCEDES FRATTINI;;;;;1.500.000,00;;-110.254.976,54;;;
      396);;;04/03/26;Compras: s/NC C  Nş -00000005 - ABEL RODRIGUEZ;;;1.961.410,00;;;;-108.293.566,54;;;
      397);;;04/03/26;Compras: s/R C  Nş -00000163 - ABEL RODRIGUEZ;;;;;1.961.410,00;;-110.254.976,54;;;
      400);;;05/03/26;Pagos: s/ O.Pago Nş6256 - YOMHA DANTE;;;800.000,00;;;;-109.454.976,54;;;
      401);;;06/03/26;Pagos: s/ O.Pago Nş6131 - SANDJIAN & ASOCIADOS;;;2.904.000,00;;;;-106.550.976,54;;;
      402);;;06/03/26;Pagos: s/ O.Pago Nş6132 - WNS & ASOCIADOS S.R.L.;;;2.256.287,00;;;;-104.294.689,54;;;
      403);;;06/03/26;Pagos: s/ O.Pago Nş6133 - TELEFONICA MOVILES ARGENT;;;175.145,68;;;;-104.119.543,86;;;
      408);;;06/03/26;Compras: s/OC  Nş -0003910089764903 - BANCO SANTANDER RIO SA;;;;;1.031.672,40;;-105.151.216,26;;;
      409);;;06/03/26;Pagos: s/ O.Pago Nş6162 - BANCO SANTANDER RIO SA;;;1.031.672,40;;;;-104.119.543,86;;;
      412);;;06/03/26;Pagos: s/ O.Pago Nş6218 - BANCO BBVA ARGENTINA;;;2.080.904,53;;;;-102.038.639,33;;;
      414);;;06/03/26;Pagos: s/ O.Pago Nş6230 - BANCO DE LA CIUDAD DE BUENOS AIRES;;;576.441,57;;;;-101.462.197,76;;;
      415);;;09/03/26;Pagos: s/ O.Pago Nş6135 - MARIA SOLEDAD PASCALE;;;2.500.000,00;;;;-98.962.197,76;;;
      416);;;09/03/26;Compras: s/F A  Nş -00011035 - NUBI S.A.;;;;;1.454,25;;-98.963.652,01;;;
      418);;;09/03/26;Compras: s/OC  Nş -0003910086606303 - BANCO SANTANDER RIO SA;;;;;185.316,14;;-99.148.968,15;;;
      419);;;09/03/26;Pagos: s/ O.Pago Nş6163 - BANCO SANTANDER RIO SA;;;185.316,14;;;;-98.963.652,01;;;
      422);;;10/03/26;Compras: s/F A  Nş -00002409 - CESAR AUGUSTO ARCARO MALITO;;;;;607.568,83;;-99.571.220,84;;;
      423);;;10/03/26;Compras: s/F C  Nş -00001256 - LUCIANO ORSI;;;;;794.013,00;;-100.365.233,84;;;
      424);;;10/03/26;Compras: s/NC A  Nş -00000084 - CESAR AUGUSTO ARCARO MALITO;;;960.755,37;;;;-99.404.478,47;;;
      425);;;10/03/26;Compras: s/NC C  Nş -00000080 - LUCIANO ORSI;;;502.123,00;;;;-98.902.355,47;;;
      429);;;12/03/26;Pagos: s/ O.Pago Nş6137 - GOLAWARE S.R.L.;;;734.349,00;;;;-98.168.006,47;;;
      430);;;12/03/26;Pagos: s/ O.Pago Nş6138 - LUCIANO ORSI;;;2.516.613,00;;;;-95.651.393,47;;;
      431);;;12/03/26;Pagos: s/ O.Pago Nş6139 - CESAR AUGUSTO ARCARO MALITO;;;5.577.587,08;;;;-90.073.806,39;;;
      432);;;12/03/26;Pagos: s/ O.Pago Nş6140 - ARQUETIPONET S.R.L.;;;716.025,00;;;;-89.357.781,39;;;
      433);;;12/03/26;Compras: s/F A  Nş -00011087 - NUBI S.A.;;;;;45.375,00;;-89.403.156,39;;;
      434);;;12/03/26;Compras: s/F C  Nş -00000142 - MORABITO FEDERICO JAVIER;;;;;238.200,00;;-89.641.356,39;;;
      435);;;12/03/26;Compras: s/NC A  Nş -00000102 - LOPEZ FERNANDO ANDRES;;;813.604,00;;;;-88.827.752,39;;;
      436);;;12/03/26;Compras: s/NC A  Nş -00000103 - LOPEZ FERNANDO ANDRES;;;844.580,00;;;;-87.983.172,39;;;
      437);;;12/03/26;Compras: s/NC A  Nş -00000104 - LOPEZ FERNANDO ANDRES;;;844.580,00;;;;-87.138.592,39;;;
      440);;;13/03/26;Compras: s/F C  Nş -00000030 - ANDREACCHIO RODOLFO;;;;;900.000,00;;-88.038.592,39;;;
      443);;;13/03/26;Pagos: s/ O.Pago Nş6252 - YOMHA GALILEO;;;3.300.000,00;;;;-84.738.592,39;;;
      444);;;14/03/26;Compras: s/OC  Nş -0003910082817103 - BANCO SANTANDER RIO SA;;;;;387.674,19;;-85.126.266,58;;;
      450);;;16/03/26;Pagos: s/ O.Pago Nş6166 - BANCO SANTANDER RIO SA;;;387.674,19;;;;-84.738.592,39;;;
      452);;;17/03/26;Compras: s/F A  Nş -00000019 - FABIOLA LANDIN;;;;;726.000,00;;-85.464.592,39;;;
      453);;;17/03/26;Compras: s/F A  Nş -00000020 - FABIOLA LANDIN;;;;;726.000,00;;-86.190.592,39;;;
      454);;;18/03/26;Pagos: s/ O.Pago Nş6141 - MORABITO FEDERICO JAVIER;;;238.200,00;;;;-85.952.392,39;;;
      455);;;18/03/26;Pagos: s/ O.Pago Nş6142 - MINDER S A;;;57.904,96;;;;-85.894.487,43;;;
      459);;;19/03/26;Pagos: s/ O.Pago Nş6143 - FABIOLA LANDIN;;;726.000,00;;;;-85.168.487,43;;;
      460);;;19/03/26;Pagos: s/ O.Pago Nş6144 - NUBI S.A.;;;45.518,23;;;;-85.122.969,20;;;
      461);;;19/03/26;Pagos: s/ O.Pago Nş6145 - ARQUETIPONET S.R.L.;;;270.459,20;;;;-84.852.510,00;;;
      463);;;19/03/26;Pagos: s/ O.Pago Nş6156 - YOMHA GALILEO;;;5.000.000,00;;;;-79.852.510,00;;;
      464);;;19/03/26;Pagos: s/ O.Pago Nş6170 - YOMHA GALILEO;;;2.000.000,00;;;;-77.852.510,00;;;
      470);;;24/03/26;Pagos: s/ O.Pago Nş6177 - LUCAS LEONARDO EIROS;;;1.000.000,00;;;;-76.852.510,00;;;
      471);;;25/03/26;Pagos: s/ O.Pago Nş6157 - RODRIGUEZ PILAR;;;1.961.610,00;;;;-74.890.900,00;;;
      472);;;25/03/26;Pagos: s/ O.Pago Nş6158 - MERCEDES FRATTINI;;;2.547.986,80;;;;-72.342.913,20;;;
      473);;;25/03/26;Pagos: s/ O.Pago Nş6159 - ANDREACCHIO RODOLFO;;;900.000,00;;;;-71.442.913,20;;;
      474);;;25/03/26;Pagos: s/ O.Pago Nş6160 - SACCOL EMILIANO;;;548.704,75;;;;-70.894.208,45;;;
      475);;;25/03/26;Pagos: s/ O.Pago Nş6161 - DAURAT MERCEDES MARIA;;;6.050.000,00;;;;-64.844.208,45;;;
      480);;;25/03/26;Pagos: s/ O.Pago Nş6171 - YOMHA FRANCO;;;715.000,00;;;;-64.129.208,45;;;
      485);;;25/03/26;Pagos: s/ O.Pago Nş6231 - BANCO DE LA CIUDAD DE BUENOS AIRES;;;434.346,73;;;;-63.694.861,72;;;
      487);;;26/03/26;Compras: s/F A  Nş -00044516 - DINAMICA COMERCIAL  SRL;;;;;19.000,00;;-63.713.861,72;;;
      488);;;26/03/26;Compras: s/F A  Nş -00241398 - GALENO ARGENTINA SOCIEDAD ANONIMA;;;;;176.253,64;;-63.890.115,36;;;
      489);;;26/03/26;Pagos: s/ O.Pago Nş6167 - DINAMICA COMERCIAL  SRL;;;19.000,00;;;;-63.871.115,36;;;
      491);;;27/03/26;Compras: s/F C  Nş -00000070 - LUCAS LEONARDO EIROS;;;;;12.000.000,00;;-75.871.115,36;;;
      492);;;28/03/26;Compras: s/F A  Nş -00224458 - TELEFONICA MOVILES ARGENT;;;;;194.518,32;;-76.065.633,68;;;
      493);;;30/03/26;Compras: s/OC  Nş -0003910072110403 - BANCO SANTANDER RIO SA;;;;;62.453,29;;-76.128.086,97;;;
      494);;;30/03/26;Compras: s/OC  Nş -0003910073031703 - BANCO SANTANDER RIO SA;;;;;258.485,24;;-76.386.572,21;;;
      495);;;30/03/26;Pagos: s/ O.Pago Nş6164 - BANCO SANTANDER RIO SA;;;258.485,24;;;;-76.128.086,97;;;
      496);;;30/03/26;Pagos: s/ O.Pago Nş6165 - BANCO SANTANDER RIO SA;;;62.453,29;;;;-76.065.633,68;;;
      500);;;31/03/26;Compras: s/F A  Nş -00006573 - WNS & ASOCIADOS S.R.L.;;;;;2.389.145,00;;-78.454.778,68;;;
      503);;;31/03/26;Compras: s/F A  Nş -00006272 - GOLAWARE S.R.L.;;;;;734.349,00;;-79.189.127,68;;;
      504);;;31/03/26;Compras: s/F A  Nş -00011241 - NUBI S.A.;;;;;1.625,01;;-79.190.752,69;;;
      505);;;31/03/26;Compras: s/F C  Nş -00000071 - LUCAS LEONARDO EIROS;;;;;6.000.000,00;;-85.190.752,69;;;
      506);;;31/03/26;Compras: s/F C  Nş -00000095 - YOMHA DANTE;;;;;5.800.000,00;;-90.990.752,69;;;
      507);;;31/03/26;Compras: s/F C  Nş -00000172 - YOMHA GALILEO;;;;;5.800.000,00;;-96.790.752,69;;;
      508);;;31/03/26;Compras: s/F C  Nş -00000092 - YOMHA FRANCO;;;;;5.800.000,00;;-102.590.752,69;;;
      509);;;31/03/26;Compras: s/F A  Nş -00000435 - SANDJIAN & ASOCIADOS;;;;;2.904.000,00;;-105.494.752,69;;;
      510);;;31/03/26;Compras: s/F A  Nş -00000436 - SANDJIAN & ASOCIADOS;;;;;931.700,00;;-106.426.452,69;;;
      512);;;31/03/26;Pagos: s/ O.Pago Nş6222 - BANCO BBVA ARGENTINA;;;74.340,00;;;;-106.352.112,69;;;
      514);;;31/03/26;Pagos: s/ O.Pago Nş6226 - BANCO GALICIA;;;120.688,56;;;;-106.231.424,13;;;
      517);;;31/03/26;Compras: s/OC  Nş -00202603 - BANCO MACRO CTA CTE;;;;;74.964,07;;-106.306.388,20;;;
      518);;;31/03/26;Pagos: s/ O.Pago Nş6235 - BANCO MACRO CTA CTE;;;74.964,07;;;;-106.231.424,13;;;
      519);;;31/03/26;Pagos: s/ O.Pago Nş6254 - YOMHA FRANCO;;;5.800.000,00;;;;-100.431.424,13;;;
      526);;;31/03/26;Pago proveedores;;;2.019.064,83;;;;-98.412.359,30;;;
      543);;;01/04/26;Compras: s/F A  Nş -00000494 - DAURAT MERCEDES MARIA;;;;;6.050.000,00;;-104.462.359,30;;;
      544);;;01/04/26;Compras: s/F A  Nş -00000495 - DAURAT MERCEDES MARIA;;;;;6.050.000,00;;-110.512.359,30;;;
      545);;;01/04/26;Compras: s/F A  Nş -00000496 - DAURAT MERCEDES MARIA;;;;;6.050.000,00;;-116.562.359,30;;;
      546);;;01/04/26;Compras: s/F A  Nş -00001668 - SACCOL EMILIANO;;;;;603.548,00;;-117.165.907,30;;;
      547);;;01/04/26;Compras: s/F A  Nş -00004564 - ARQUETIPONET S.R.L.;;;;;267.555,20;;-117.433.462,50;;;
      548);;;01/04/26;Compras: s/F A  Nş -00002436 - CESAR AUGUSTO ARCARO MALITO;;;;;484.000,00;;-117.917.462,50;;;
      549);;;01/04/26;Compras: s/F A  Nş -00002437 - CESAR AUGUSTO ARCARO MALITO;;;;;1.158.559,86;;-119.076.022,36;;;
      550);;;01/04/26;Compras: s/F A  Nş -00002438 - CESAR AUGUSTO ARCARO MALITO;;;;;607.568,83;;-119.683.591,19;;;
      551);;;01/04/26;Compras: s/F A  Nş -00002439 - CESAR AUGUSTO ARCARO MALITO;;;;;1.349.722,24;;-121.033.313,43;;;
      552);;;01/04/26;Compras: s/F A  Nş -00002440 - CESAR AUGUSTO ARCARO MALITO;;;;;707.817,69;;-121.741.131,12;;;
      553);;;01/04/26;Compras: s/F A  Nş -00002441 - CESAR AUGUSTO ARCARO MALITO;;;;;2.801.784,58;;-124.542.915,70;;;
      554);;;01/04/26;Compras: s/F A  Nş -00003697 - FUNDACION CONSENSO;;;;;261.987,99;;-124.804.903,69;;;
      555);;;01/04/26;Compras: s/F C  Nş -00000043 - MARIA SOLEDAD PASCALE;;;;;2.500.000,00;;-127.304.903,69;;;
      556);;;01/04/26;Compras: s/F C  Nş -00001257 - LUCIANO ORSI;;;;;502.125,00;;-127.807.028,69;;;
      557);;;01/04/26;Compras: s/F C  Nş -00001258 - LUCIANO ORSI;;;;;595.432,00;;-128.402.460,69;;;
      558);;;01/04/26;Compras: s/F C  Nş -00001259 - LUCIANO ORSI;;;;;916.933,00;;-129.319.393,69;;;
      559);;;01/04/26;Compras: s/F C  Nş -00001260 - LUCIANO ORSI;;;;;794.013,00;;-130.113.406,69;;;
      560);;;01/04/26;Compras: s/F C  Nş -00001261 - LUCIANO ORSI;;;;;584.975,00;;-130.698.381,69;;;
      561);;;01/04/26;Compras: s/F C  Nş -00001262 - LUCIANO ORSI;;;;;693.678,00;;-131.392.059,69;;;
      562);;;01/04/26;Compras: s/F C  Nş -00001263 - LUCIANO ORSI;;;;;1.068.226,00;;-132.460.285,69;;;
      563);;;01/04/26;Compras: s/F C  Nş -00001264 - LUCIANO ORSI;;;;;925.025,00;;-133.385.310,69;;;
      564);;;01/04/26;Compras: s/NC A  Nş -00000052 - DAURAT MERCEDES MARIA;;;6.050.000,00;;;;-127.335.310,69;;;
      565);;;01/04/26;Compras: s/NC A  Nş -00000086 - CESAR AUGUSTO ARCARO MALITO;;;1.158.559,86;;;;-126.176.750,83;;;
      566);;;01/04/26;Compras: s/NC A  Nş -00000087 - CESAR AUGUSTO ARCARO MALITO;;;607.568,83;;;;-125.569.182,00;;;
      567);;;01/04/26;Compras: s/NC C  Nş -00000085 - LUCIANO ORSI;;;502.125,00;;;;-125.067.057,00;;;
      568);;;01/04/26;Compras: s/NC C  Nş -00000086 - LUCIANO ORSI;;;595.432,00;;;;-124.471.625,00;;;
      569);;;01/04/26;Compras: s/NC C  Nş -00000087 - LUCIANO ORSI;;;916.933,00;;;;-123.554.692,00;;;
      570);;;01/04/26;Compras: s/NC C  Nş -00000088 - LUCIANO ORSI;;;794.013,00;;;;-122.760.679,00;;;
      572);;;01/04/26;Compras: s/F A  Nş -00004118 - CRAVERO NEGOCIOS S.A.;;;;;12.100,00;;-122.772.779,00;;;
      573);;;01/04/26;Compras: s/F A  Nş -00004119 - CRAVERO NEGOCIOS S.A.;;;;;15.026,51;;-122.787.805,51;;;
      574);;;01/04/26;Compras: s/OC  Nş -0000001331810112 - BANCO BBVA ARGENTINA;;;;;2.076.818,93;;-124.864.624,44;;;
      575);;;01/04/26;Compras: s/OC  Nş -0000001331810113 - BANCO BBVA ARGENTINA;;;;;2.080.904,53;;-126.945.528,97;;;
      576);;;01/04/26;Compras: s/OC  Nş -00202601 - BANCO BBVA ARGENTINA;;;;;77.668,96;;-127.023.197,93;;;
      577);;;01/04/26;Compras: s/OC  Nş -00202602 - BANCO BBVA ARGENTINA;;;;;75.232,54;;-127.098.430,47;;;
      578);;;01/04/26;Compras: s/OC  Nş -00202603 - BANCO BBVA ARGENTINA;;;;;74.340,00;;-127.172.770,47;;;
      579);;;01/04/26;Compras: s/OC  Nş -00202603 - BANCO GALICIA;;;;;120.688,56;;-127.293.459,03;;;
      580);;;01/04/26;Compras: s/OC  Nş -00202602 - BANCO GALICIA;;;;;81.177,17;;-127.374.636,20;;;
      581);;;01/04/26;Compras: s/OC  Nş -00202601 - BANCO GALICIA;;;;;72.243,39;;-127.446.879,59;;;
      582);;;01/04/26;Compras: s/OC  Nş -20260219 - BANCO DE LA CIUDAD DE BUENOS AIRES;;;;;531.460,36;;-127.978.339,95;;;
      583);;;01/04/26;Compras: s/OC  Nş -20260320 - BANCO DE LA CIUDAD DE BUENOS AIRES;;;;;576.441,57;;-128.554.781,52;;;
      584);;;01/04/26;Compras: s/OC  Nş -20260321 - BANCO DE LA CIUDAD DE BUENOS AIRES;;;;;434.346,73;;-128.989.128,25;;;
      585);;;01/04/26;Pagos: s/ O.Pago Nş6244 - CRAVERO NEGOCIOS S.A.;;;27.126,51;;;;-128.962.001,74;;;
      586);;;03/04/26;Compras: s/F C  Nş -00000144 - MORABITO FEDERICO JAVIER;;;;;238.200,00;;-129.200.201,74;;;
      588);;;06/04/26;Compras: s/F A  Nş -00029025 - MINDER S A;;;;;59.584,21;;-129.259.785,95;;;
      589);;;06/04/26;Compras: s/F C  Nş -00000138 - MERCEDES FRATTINI;;;;;1.047.986,80;;-130.307.772,75;;;
      590);;;06/04/26;Compras: s/F C  Nş -00000139 - MERCEDES FRATTINI;;;;;1.500.000,00;;-131.807.772,75;;;
      592);;;06/04/26;Compras: s/OC  Nş -0003910089764906 - BANCO SANTANDER RIO SA;;;;;1.106.514,72;;-132.914.287,47;;;
      593);;;06/04/26;Pagos: s/ O.Pago Nş6237 - BANCO SANTANDER RIO SA;;;1.106.514,72;;;;-131.807.772,75;;;
      597);;;07/04/26;Pagos: s/ O.Pago Nş6178 - LUCAS LEONARDO EIROS;;;5.000.000,00;;;;-126.807.772,75;;;
      598);;;07/04/26;Compras: s/F C  Nş -00000209 - RODRIGUEZ PILAR;;;;;1.961.410,00;;-128.769.182,75;;;
      599);;;07/04/26;Pagos: s/ O.Pago Nş6180 - MORABITO FEDERICO JAVIER;;;238.200,00;;;;-128.530.982,75;;;
      602);;;08/04/26;Compras: s/OC  Nş -0000133181011214 - BANCO BBVA ARGENTINA;;;;;2.072.982,97;;-130.603.965,72;;;
      605);;;08/04/26;Pagos: s/ O.Pago Nş6257 - YOMHA DANTE;;;11.600.000,00;;;;-119.003.965,72;;;
      606);;;08/04/26;Pagos: s/ O.Pago Nş6219 - BANCO BBVA ARGENTINA;;;2.072.982,97;;;;-116.930.982,75;;;
      607);;;09/04/26;Pagos: s/ O.Pago Nş6197 - TELEFONICA MOVILES ARGENT;;;194.518,32;;;;-116.736.464,43;;;
      609);;;09/04/26;Compras: s/OC  Nş -0003910086606310 - BANCO SANTANDER RIO SA;;;;;141.880,46;;-116.878.344,89;;;
      610);;;09/04/26;Pagos: s/ O.Pago Nş6238 - BANCO SANTANDER RIO SA;;;141.880,46;;;;-116.736.464,43;;;
      614);;;09/04/26;Pagos: s/ O.Pago Nş6195 - LUCIANO ORSI;;;2.808.503,00;;;;-113.927.961,43;;;
      615);;;09/04/26;Pagos: s/ O.Pago Nş6196 - CESAR AUGUSTO ARCARO MALITO;;;4.740.400,54;;;;-109.187.560,89;;;
      620);;;13/04/26;Compras: s/F C  Nş -00000861 - MATTIOLI SAMANTA GABRIELA SOLANGE;;;;;210.000,00;;-109.397.560,89;;;
      621);;;13/04/26;Compras: s/F C  Nş -00000862 - MATTIOLI SAMANTA GABRIELA SOLANGE;;;;;210.000,00;;-109.607.560,89;;;
      623);;;14/04/26;Pagos: s/ O.Pago Nş6198 - MARIA SOLEDAD PASCALE;;;2.500.000,00;;;;-107.107.560,89;;;
      624);;;14/04/26;Compras: s/F C  Nş -00000031 - ANDREACCHIO RODOLFO;;;;;900.000,00;;-108.007.560,89;;;
      626);;;14/04/26;Compras: s/OC  Nş -0003910082817113 - BANCO SANTANDER RIO SA;;;;;362.256,33;;-108.369.817,22;;;
      627);;;14/04/26;Pagos: s/ O.Pago Nş6239 - BANCO SANTANDER RIO SA;;;362.256,33;;;;-108.007.560,89;;;
      629);;;14/04/26;Pagos: s/ O.Pago Nş6199 - MATTIOLI SAMANTA GABRIELA SOLANGE;;;420.000,00;;;;-107.587.560,89;;;
      630);;;14/04/26;Pagos: s/ O.Pago Nş6255 - YOMHA FRANCO;;;5.800.000,00;;;;-101.787.560,89;;;
      635);;;16/04/26;Compras: s/F A  Nş -00011544 - NUBI S.A.;;;;;45.375,00;;-101.832.935,89;;;
      648);;;21/04/26;Pagos: s/ O.Pago Nş6204 - RODRIGUEZ PILAR;;;1.961.410,00;;;;-99.871.525,89;;;
      649);;;21/04/26;Pagos: s/ O.Pago Nş6205 - SANDJIAN & ASOCIADOS;;;3.835.700,00;;;;-96.035.825,89;;;
      651);;;21/04/26;Pagos: s/ O.Pago Nş6203 - NUBI S.A.;;;92.375,01;;;;-95.943.450,88;;;
      654);;;23/04/26;Pagos: s/ O.Pago Nş6206 - DAURAT MERCEDES MARIA;;;6.050.000,00;;;;-89.893.450,88;;;
      655);;;23/04/26;Pagos: s/ O.Pago Nş6207 - WNS & ASOCIADOS S.R.L.;;;2.256.287,00;;;;-87.637.163,88;;;
      656);;;23/04/26;Pagos: s/ O.Pago Nş6208 - MINDER S A;;;59.584,21;;;;-87.577.579,67;;;
      657);;;23/04/26;Pagos: s/ O.Pago Nş6209 - FABIOLA LANDIN;;;726.000,00;;;;-86.851.579,67;;;
      658);;;23/04/26;Compras: s/F A  Nş -00243553 - GALENO ARGENTINA SOCIEDAD ANONIMA;;;;;180.413,19;;-87.031.992,86;;;
      662);;;24/04/26;Pagos: s/ O.Pago Nş6210 - MERCEDES FRATTINI;;;2.547.986,80;;;;-84.484.006,06;;;
      663);;;24/04/26;Compras: s/F C  Nş -00000221 - MAGNALDI DIEGO FERNANDO;;;;;552.000,00;;-85.036.006,06;;;
      666);;;24/04/26;Compras: s/F A  Nş -00092411 - SANTA FE COMERCIAL SOCIEDAD DE RESPONSAB;;;;;733.783,39;;-85.769.789,45;;;
      667);;;24/04/26;Compras: s/F A  Nş -00092415 - SANTA FE COMERCIAL SOCIEDAD DE RESPONSAB;;;;;567.064,83;;-86.336.854,28;;;
      668);;;27/04/26;Compras: s/F C  Nş -00000072 - LUCAS LEONARDO EIROS;;;;;6.000.000,00;;-92.336.854,28;;;
      669);;;27/04/26;Pagos: s/ O.Pago Nş6253 - YOMHA GALILEO;;;5.800.000,00;;;;-86.536.854,28;;;
      671);;;28/04/26;Pagos: s/ O.Pago Nş6214 - FABIOLA LANDIN;;;1.452.000,00;;;;-85.084.854,28;;;
      672);;;28/04/26;Pagos: s/ O.Pago Nş6215 - GOLAWARE S.R.L.;;;734.349,00;;;;-84.350.505,28;;;
      675);;;28/04/26;Compras: s/F A  Nş -00001676 - SACCOL EMILIANO;;;;;228.085,00;;-84.578.590,28;;;
      676);;;28/04/26;Compras: s/F A  Nş -00000006 - WNS & ASOCIADOS S.R.L.;;;;;2.389.145,00;;-86.967.735,28;;;
      677);;;28/04/26;Compras: s/F A  Nş -00227019 - TELEFONICA MOVILES ARGENT;;;;;199.656,15;;-87.167.391,43;;;
      681);;;28/04/26;Compras: s/OC  Nş -0003910073031723 - BANCO SANTANDER RIO SA;;;;;171.695,62;;-87.339.087,05;;;
      682);;;28/04/26;Pagos: s/ O.Pago Nş6240 - BANCO SANTANDER RIO SA;;;171.695,62;;;;-87.167.391,43;;;
      685);;;28/04/26;Compras: s/F A  Nş -00006295 - CONTATECH;;;;;39.930,00;;-87.207.321,43;;;
      686);;;29/04/26;Compras: s/F C  Nş -00000140 - MERCEDES FRATTINI;;;;;1.500.000,00;;-88.707.321,43;;;
      687);;;29/04/26;Compras: s/F C  Nş -00000141 - MERCEDES FRATTINI;;;;;1.047.986,80;;-89.755.308,23;;;
      688);;;29/04/26;Compras: s/NC A  Nş -00001335 - SANTA FE COMERCIAL SOCIEDAD DE RESPONSAB;;;733.783,39;;;;-89.021.524,84;;;
      691);;;30/04/26;Pagos: s/ O.Pago Nş6223 - BANCO BBVA ARGENTINA;;;79.059,00;;;;-88.942.465,84;;;
      693);;;30/04/26;Compras: s/OC  Nş -00202604 - BANCO BBVA ARGENTINA;;;;;79.059,00;;-89.021.524,84;;;
      694);;;30/04/26;Compras: s/OC  Nş -00202604 - BANCO GALICIA;;;;;76.877,35;;-89.098.402,19;;;
      695);;;30/04/26;Pagos: s/ O.Pago Nş6227 - BANCO GALICIA;;;76.877,35;;;;-89.021.524,84;;;
      698);;;30/04/26;Compras: s/OC  Nş -00202604 - BANCO MACRO CTA CTE;;;;;72.782,37;;-89.094.307,21;;;
      699);;;30/04/26;Pagos: s/ O.Pago Nş6236 - BANCO MACRO CTA CTE;;;72.782,37;;;;-89.021.524,84;;;
      700);;;30/04/26;Compras: s/OC  Nş -00202604 - BANCO SANTANDER RIO SA;;;;;1.019.780,36;;-90.041.305,20;;;
      703);;;30/04/26;Pagos: s/ O.Pago Nş6241 - BANCO SANTANDER RIO SA;;;1.019.780,36;;;;-89.021.524,84;;;
      704);;;30/04/26;Compras: s/F A  Nş -00051203 - SANTA FE COMERCIAL SOCIEDAD DE RESPONSAB;;;;;128.637,52;;-89.150.162,36;;;
      705);;;30/04/26;Compras: s/F C  Nş -00000096 - YOMHA DANTE;;;;;5.800.000,00;;-94.950.162,36;;;
      706);;;30/04/26;Compras: s/F C  Nş -00000175 - YOMHA GALILEO;;;;;3.300.000,00;;-98.250.162,36;;;
      707);;;30/04/26;Compras: s/F C  Nş -00000093 - YOMHA FRANCO;;;;;5.800.000,00;;-104.050.162,36;;;
      708);;;30/04/26;Pagos: s/ O.Pago Nş6249 - LUCAS LEONARDO EIROS;;;6.000.000,00;;;;-98.050.162,36;;;
      709);;;30/04/26;Pagos: s/ O.Pago Nş6248 - SANTA FE COMERCIAL SOCIEDAD DE RESPONSAB;;;128.637,52;;;;-97.921.524,84;;;
      710);;;30/04/26;Pagos: s/ O.Pago Nş6250 - CONTATECH;;;39.930,00;;;;-97.881.594,84;;;
      711);;;30/04/26;Compras: s/F A  Nş -00006557 - GOLAWARE S.R.L.;;;;;734.349,00;;-98.615.943,84;;;
      712);;;30/04/26;Compras: s/NC C  Nş -00000002 - YOMHA GALILEO;;;3.300.000,00;;;;-95.315.943,84;;;
      713);;;30/04/26;Compras: s/NC C  Nş -00000001 - YOMHA DANTE;;;5.800.000,00;;;;-89.515.943,84;;;
      714);;;30/04/26;Compras: s/NC C  Nş -00000001 - YOMHA FRANCO;;;5.800.000,00;;;;-83.715.943,84;;;
      718);;;30/04/26;Pagos: s/ O.Pago Nş6261 - GALENO ARGENTINA SOCIEDAD ANONIMA;;;431.484,29;;;;-83.284.459,55;;;
      719);;;30/04/26;Pagos: s/ O.Pago Nş6263 - GOLAWARE S.R.L.;;;2,15;;;;-83.284.457,40;;;
      720);;;01/05/26;Compras: s/F A  Nş -00004609 - ARQUETIPONET S.R.L.;;;;;269.297,60;;-83.553.755,00;;;
      721);;;01/05/26;Compras: s/F C  Nş -00001288 - LUCIANO ORSI;;;;;584.975,00;;-84.138.730,00;;;
      722);;;01/05/26;Compras: s/F C  Nş -00001289 - LUCIANO ORSI;;;;;693.678,00;;-84.832.408,00;;;
      723);;;01/05/26;Compras: s/F C  Nş -00001290 - LUCIANO ORSI;;;;;1.068.226,00;;-85.900.634,00;;;
      724);;;01/05/26;Compras: s/F C  Nş -00001291 - LUCIANO ORSI;;;;;925.025,00;;-86.825.659,00;;;
      725);;;01/05/26;Compras: s/F A  Nş -00000503 - DAURAT MERCEDES MARIA;;;;;6.050.000,00;;-92.875.659,00;;;
      726);;;02/05/26;Compras: s/F A  Nş -00001678 - SACCOL EMILIANO;;;;;603.548,00;;-93.479.207,00;;;
      727);;;03/05/26;Compras: s/F A  Nş -00002471 - CESAR AUGUSTO ARCARO MALITO;;;;;484.000,00;;-93.963.207,00;;;
      728);;;03/05/26;Compras: s/F A  Nş -00002472 - CESAR AUGUSTO ARCARO MALITO;;;;;1.349.722,24;;-95.312.929,24;;;
      729);;;03/05/26;Compras: s/F A  Nş -00002473 - CESAR AUGUSTO ARCARO MALITO;;;;;707.817,69;;-96.020.746,93;;;
      730);;;03/05/26;Compras: s/F A  Nş -00002474 - CESAR AUGUSTO ARCARO MALITO;;;;;2.811.258,88;;-98.832.005,81;;;
      731);;;04/05/26;Compras: s/F A  Nş -00003752 - FUNDACION CONSENSO;;;;;261.987,99;;-99.093.993,80;;;
      732);;;04/05/26;Compras: s/F A  Nş -00030317 - MINDER S A;;;;;61.610,07;;-99.155.603,87;;;
      733);;;04/05/26;Compras: s/F C  Nş -00000044 - MARIA SOLEDAD PASCALE;;;;;2.500.000,00;;-101.655.603,87;;;
      762);;;05/05/26;Compras: s/F A  Nş -00000459 - SANDJIAN & ASOCIADOS;;;;;931.700,00;;-102.587.303,87;;;
      763);;;05/05/26;Compras: s/F A  Nş -00000460 - SANDJIAN & ASOCIADOS;;;;;2.904.000,00;;-105.491.303,87;;;
      764);;;05/05/26;Compras: s/F C  Nş -00000755 - ROSETTI OMAR JORGE OCTAVIO;;;;;15.000,00;;-105.506.303,87;;;
      767);;;05/05/26;Compras: s/F A  Nş -00000461 - SANDJIAN & ASOCIADOS;;;;;1.351.600,00;;-106.857.903,87;;;
      769);;;06/05/26;Compras: s/F A  Nş -00044953 - DINAMICA COMERCIAL  SRL;;;;;21.000,00;;-106.878.903,87;;;
      770);;;06/05/26;Compras: s/F C  Nş -00000212 - RODRIGUEZ PILAR;;;;;1.961.410,00;;-108.840.313,87;;;
      772);;;07/05/26;Compras: s/F C  Nş -00000090 - KOUTOUDJIAN NATALIA INES;;;;;4.000.000,00;;-112.840.313,87;;;
      773);;;07/05/26;Compras: s/F C  Nş -00000169 - MANTESE JUAN JOSE;;;;;2.500.000,00;;-115.340.313,87;;;
      778);;;08/05/26;Pagos: s/ O.Pago Nş6264 - MANTESE JUAN JOSE;;;2.500.000,00;;;;-112.840.313,87;;;
      779);;;08/05/26;Pagos: s/ O.Pago Nş6265 - KOUTOUDJIAN NATALIA INES;;;4.000.000,00;;;;-108.840.313,87;;;
      784);;;08/05/26;Compras: s/F C  Nş -00000062 - CAU ANALIA CLAUDIA;;;;;1.650.000,00;;-110.490.313,87;;;
      785);;;08/05/26;Pagos: s/ O.Pago Nş6266 - LUCAS LEONARDO EIROS;;;3.000.000,00;;;;-107.490.313,87;;;
      787);;;11/05/26;Compras: s/F A  Nş -00000021 - FABIOLA LANDIN;;;;;726.000,00;;-108.216.313,87;;;
      788);;;11/05/26;Compras: s/F A  Nş -00004624 - ARQUETIPONET S.R.L.;;;;;156.293,72;;-108.372.607,59;;;
      789);;;11/05/26;Compras: s/F C  Nş -00000147 - MORABITO FEDERICO JAVIER;;;;;238.200,00;;-108.610.807,59;;;
      790);;;11/05/26;Compras: s/F C  Nş -00000148 - MORABITO FEDERICO JAVIER;;;;;53.800,00;;-108.664.607,59;;;
      793);;;11/05/26;Pagos: s/ O.Pago Nş6267 - TELEFONICA MOVILES ARGENT;;;199.656,15;;;;-108.464.951,44;;;
      794);;;11/05/26;Pagos: s/ O.Pago Nş6268 - ROSETTI OMAR JORGE OCTAVIO;;;15.000,00;;;;-108.449.951,44;;;
      795);;;11/05/26;Pagos: s/ O.Pago Nş6269 - CAU ANALIA CLAUDIA;;;1.650.000,00;;;;-106.799.951,44;;;
      799);;;12/05/26;Compras: s/F A  Nş -00051342 - SANTA FE COMERCIAL SOCIEDAD DE RESPONSAB;;;;;15.913,92;;-106.815.865,36;;;
      800);;;12/05/26;Compras: s/F C  Nş -00000073 - LUCAS LEONARDO EIROS;;;;;6.000.000,00;;-112.815.865,36;;;
      802);;;13/05/26;Compras: s/F C  Nş -00000032 - ANDREACCHIO RODOLFO;;;;;900.000,00;;-113.715.865,36;;;
      812);;;26/05/26;Compras: s/F A  Nş -00245325 - GALENO ARGENTINA SOCIEDAD ANONIMA;;;;;192.616,60;;-113.908.481,96;;;
;;;;;;;285.232.597,39;;399.141.079,35;;;;;
;;;;;;;;;;;;;;
02.01.01.03 - TARJETA CORP. VISA - BCO.RIO (P);;;;;;;;;;;;;;
Asiento Nş;;;Fecha;Concepto;;;Debe;;Haber;;Saldo;;;
      1);;;01/01/26;Automático: Asiento de Inicio;;;;;31.094.737,73;;-31.094.737,73;;;
      63);;;05/01/26;Pago Tarjeta de Credito;;;4.215.930,00;;;;-26.878.807,73;;;
      67);;;05/01/26;Tarjeta de Credito Visa;;;;;3.418.012,23;;-30.296.819,96;;;
      242);;;02/02/26;Pago Tarjeta de Credito;;;3.457.500,00;;;;-26.839.319,96;;;
      243);;;02/02/26;Tarjeta de Credito Visa;;;;;2.277.614,02;;-29.116.933,98;;;
      381);;;02/03/26;Pago Tarjeta de Credito;;;3.004.740,00;;;;-26.112.193,98;;;
      385);;;02/03/26;Tarjeta de Credito Visa;;;;;1.860.210,53;;-27.972.404,51;;;
      595);;;06/04/26;Pago Tarjeta de Credito Visa;;;3.339.420,00;;;;-24.632.984,51;;;
      596);;;06/04/26;Tarjeta de Credito Visa;;;;;2.219.580,03;;-26.852.564,54;;;
      622);;;13/04/26;Pago Tarjeta de Credito Visa;;;10.000.000,00;;;;-16.852.564,54;;;
      718);;;30/04/26;Pagos: s/ O.Pago Nş6261 - GALENO ARGENTINA SOCIEDAD ANONIMA;;;;;431.484,29;;-17.284.048,83;;;
      734);;;04/05/26;Movimientos Banco Santander;;;1.874.790,00;;;;-15.409.258,83;;;
      739);;;04/05/26;Tarjeta de Credito Visa;;;;;1.215.259,78;;-16.624.518,61;;;
;;;;;;;25.892.380,00;;42.516.898,61;;;;;
;;;;;;;;;;;;;;
02.01.02.01 - INGRESOS BRUTOS A PAGAR (P);;;;;;;;;;;;;;
Asiento Nş;;;Fecha;Concepto;;;Debe;;Haber;;Saldo;;;
      1);;;01/01/26;Automático: Asiento de Inicio;;;;;67.647,67;;-67.647,67;;;
      112);;;16/01/26;Pago Convenio Dic.2025;;;67.647,67;;;;0,00;;;
      197);;;31/01/26;Devengamiento IIBB Enero 2026;;;;;29.626,90;;-29.626,90;;;
      298);;;20/02/26;Pago Convenio Ene.2026;;;29.626,90;;;;0,00;;;
      523);;;31/03/26;Devengamiento IIBB Marzo 2026;;;;;12.983,44;;-12.983,44;;;
;;;;;;;97.274,57;;110.258,01;;;;;
;;;;;;;;;;;;;;
02.01.02.02 - IVA A PAGAR (P);;;;;;;;;;;;;;
Asiento Nş;;;Fecha;Concepto;;;Debe;;Haber;;Saldo;;;
      1);;;01/01/26;Automático: Asiento de Inicio;;;;;46.074.531,65;;-46.074.531,65;;;
      150);;;21/01/26;(Cad.PlanU342461) Caducidad PFPU342461;;;;;5.532.177,99;;-51.606.709,64;;;
      151);;;21/01/26;(Cad.PlanT924280) Caducidad PFPT924280;;;;;1.376.821,05;;-52.983.530,69;;;
      155);;;22/01/26;(Iva 2025-10) Devengamiento PFP V612731;;;12.141.304,36;;;;-40.842.226,33;;;
      155);;;22/01/26;(Iva 2025-12) Devengamiento PFP V612731;;;16.914.819,98;;;;-23.927.406,35;;;
      196);;;31/01/26;Devengamiento Iva Enero 2026;;;;;18.839.580,30;;-42.766.986,65;;;
      295);;;19/02/26;(Periodo 2025-11) Compensacion IVA;;;14.913.682,65;;;;-27.853.304,00;;;
      300);;;20/02/26;(Iva 2025-11) Devengamiento PFP V725256;;;2.104.724,67;;;;-25.748.579,33;;;
      300);;;20/02/26;(Iva 2026-01) Devengamiento PFP V725256;;;18.839.580,30;;;;-6.908.999,03;;;
      301);;;20/02/26;(Iva 2024-08) Devengamiento PFP V725445;;;1.376.821,05;;;;-5.532.177,98;;;
      301);;;20/02/26;(Iva 2024-12) Devengamiento PFP V725445;;;5.532.177,99;;;;0,01;;;
      342);;;28/02/26;Devengamiento Iva Febrero 2026;;;;;14.033.989,39;;-14.033.989,38;;;
      522);;;31/03/26;Devengamiento Iva Marzo 2026;;;;;9.885.701,88;;-23.919.691,26;;;
      616);;;09/04/26;(Iva 2026-02) Devengamiento PFP V933604;;;14.033.989,39;;;;-9.885.701,87;;;
      639);;;18/04/26;(Cad.PlanV429998) Caducidad PFP V429998;;;;;28.888.147,66;;-38.773.849,53;;;
      640);;;18/04/26;(Cad.PlanV113915) Caducidad PFP V113915;;;;;7.267.094,35;;-46.040.943,88;;;
      641);;;18/04/26;(Cad.PlanV066516) Caducidad PFP V066516;;;;;7.951.436,78;;-53.992.380,66;;;
;;;;;;;85.857.100,39;;139.849.481,05;;;;;
;;;;;;;;;;;;;;
02.01.02.03 - IVA DEBITO FISCAL (P);;;;;;;;;;;;;;
Asiento Nş;;;Fecha;Concepto;;;Debe;;Haber;;Saldo;;;
      11);;;02/01/26;Ventas: s/F A  Nş 00003-00000498 - GEA S.A.;;;;;242.395,94;;-242.395,94;;;
      12);;;02/01/26;Ventas: s/F B  Nş 00003-00001018 - OBRA SOCIAL DEL PERSONAL MUNICIPAL DE;;;;;73.500,00;;-315.895,94;;;
      13);;;02/01/26;Ventas: s/F B  Nş 00003-00001011 - OS PRENSA ROSARIO;;;;;165.715,68;;-481.611,62;;;
      14);;;02/01/26;Ventas: s/F B  Nş 00003-00001012 - OS PRENSA ROSARIO;;;;;185.089,54;;-666.701,16;;;
      15);;;02/01/26;Ventas: s/F B  Nş 00003-00001013 - O.S. DEL PER. DEL JOCKEY CLUB DE ROSAR;;;;;422.508,78;;-1.089.209,94;;;
      16);;;02/01/26;Ventas: s/F B  Nş 00003-00001014 - O.S. DEL PER. DEL JOCKEY CLUB DE ROSAR;;;;;148.541,11;;-1.237.751,05;;;
      17);;;02/01/26;Ventas: s/F B  Nş 00003-00001015 - OSPERYH;;;;;456.986,52;;-1.694.737,57;;;
      18);;;02/01/26;Ventas: s/F B  Nş 00003-00001016 - OSPERYHRA;;;;;96.207,69;;-1.790.945,26;;;
      19);;;02/01/26;Ventas: s/F B  Nş 00003-00001017 - FATERYH;;;;;1.827.946,08;;-3.618.891,34;;;
      20);;;02/01/26;Ventas: s/F B  Nş 00003-00001019 - OBRA SOCIAL DEL PERSONAL MUNICIPAL DE;;;;;945.000,00;;-4.563.891,34;;;
      21);;;02/01/26;Ventas: s/F B  Nş 00003-00001020 - SUTERH;;;;;384.830,75;;-4.948.722,09;;;
      22);;;02/01/26;Ventas: s/NC B  Nş 00003-00000052 - OBRA SOCIAL DEL PERSONAL MUNICIPAL DE;;;73.500,00;;;;-4.875.222,09;;;
      23);;;02/01/26;Ventas: s/F B  Nş 00003-00001021 - OBRA SOCIAL DEL PERSONAL MUNICIPAL DE;;;;;73.500,00;;-4.948.722,09;;;
      24);;;02/01/26;Ventas: s/F B  Nş 00003-00001022 - OSPERYH;;;;;5.837.933,84;;-10.786.655,93;;;
      25);;;02/01/26;Ventas: s/F B  Nş 00003-00001023 - OSPERYHRA;;;;;420.000,00;;-11.206.655,93;;;
      26);;;02/01/26;Ventas: s/F A  Nş 00003-00000499 - ASSISTENCIAL SALUD S.A.;;;;;64.764,00;;-11.271.419,93;;;
      27);;;02/01/26;Ventas: s/F A  Nş 00003-00000500 - MEDICAL SERVICIOS DE SALUD SRL;;;;;761.377,77;;-12.032.797,70;;;
      28);;;02/01/26;Ventas: s/F B  Nş 00003-00001024 - OSPILM;;;;;163.839,98;;-12.196.637,68;;;
      29);;;02/01/26;Ventas: s/F A  Nş 00003-00000501 - ASSISTENCIAL SALUD S.A.;;;;;626.635,60;;-12.823.273,28;;;
      30);;;02/01/26;Ventas: s/F A  Nş 00003-00000502 - MEDICAL SERVICIOS DE SALUD SRL;;;;;367.526,38;;-13.190.799,66;;;
      31);;;02/01/26;Ventas: s/F B  Nş 00003-00001025 - OSPILM;;;;;1.115.403,78;;-14.306.203,44;;;
      32);;;02/01/26;Ventas: s/NC B  Nş 00003-00000053 - OSPILM;;;163.839,98;;;;-14.142.363,46;;;
      33);;;02/01/26;Ventas: s/NC A  Nş 00003-00000030 - MEDICAL SERVICIOS DE SALUD SRL;;;761.377,77;;;;-13.380.985,69;;;
      34);;;02/01/26;Ventas: s/F B  Nş 00003-00001026 - OSPILM;;;;;959.624,15;;-14.340.609,84;;;
      105);;;16/01/26;Ventas: s/F A  Nş 00003-00000503 - OSLERA;;;;;26.371,18;;-14.366.981,02;;;
      106);;;16/01/26;Ventas: s/F A  Nş 00003-00000504 - APDIS;;;;;388.609,76;;-14.755.590,78;;;
      107);;;16/01/26;Ventas: s/F B  Nş 00003-00001027 - OSPERYHRA;;;;;1.530.624,71;;-16.286.215,49;;;
      108);;;16/01/26;Ventas: s/F B  Nş 00003-00001028 - OSPERYH;;;;;7.770.733,40;;-24.056.948,89;;;
      196);;;31/01/26;Devengamiento Iva Enero 2026;;;24.056.948,89;;;;0,00;;;
      208);;;01/02/26;Ventas: s/NC A  Nş 00003-00000031 - GEA S.A.;;;242.395,94;;;;242.395,94;;;
      219);;;01/02/26;Ventas: s/F A  Nş 00003-00000505 - GEA S.A.;;;;;242.395,94;;0,00;;;
      220);;;01/02/26;Ventas: s/F B  Nş 00003-00001029 - OS PRENSA ROSARIO;;;;;165.715,68;;-165.715,68;;;
      221);;;01/02/26;Ventas: s/F B  Nş 00003-00001030 - OS PRENSA ROSARIO;;;;;185.089,54;;-350.805,22;;;
      222);;;01/02/26;Ventas: s/F B  Nş 00003-00001031 - O.S. DEL PER. DEL JOCKEY CLUB DE ROSAR;;;;;422.508,78;;-773.314,00;;;
      223);;;01/02/26;Ventas: s/F B  Nş 00003-00001032 - O.S. DEL PER. DEL JOCKEY CLUB DE ROSAR;;;;;148.541,11;;-921.855,11;;;
      224);;;01/02/26;Ventas: s/F B  Nş 00003-00001033 - OSPERYH;;;;;456.986,52;;-1.378.841,63;;;
      225);;;01/02/26;Ventas: s/F B  Nş 00003-00001034 - OSPERYHRA;;;;;96.207,69;;-1.475.049,32;;;
      226);;;01/02/26;Ventas: s/F B  Nş 00003-00001035 - FATERYH;;;;;1.827.946,08;;-3.302.995,40;;;
      227);;;01/02/26;Ventas: s/F B  Nş 00003-00001036 - SUTERH;;;;;384.830,75;;-3.687.826,15;;;
      228);;;01/02/26;Ventas: s/F B  Nş 00003-00001037 - OBRA SOCIAL DEL PERSONAL MUNICIPAL DE;;;;;73.500,00;;-3.761.326,15;;;
      229);;;01/02/26;Ventas: s/F B  Nş 00003-00001038 - OBRA SOCIAL DEL PERSONAL MUNICIPAL DE;;;;;945.000,00;;-4.706.326,15;;;
      248);;;04/02/26;Ventas: s/F A  Nş 00003-00000506 - ASSISTENCIAL SALUD S.A.;;;;;563.835,87;;-5.270.162,02;;;
      249);;;04/02/26;Ventas: s/F A  Nş 00003-00000507 - MEDICAL SERVICIOS DE SALUD SRL;;;;;354.918,29;;-5.625.080,31;;;
      250);;;04/02/26;Ventas: s/F A  Nş 00003-00000508 - GEA S.A.;;;;;249.183,02;;-5.874.263,33;;;
      251);;;04/02/26;Ventas: s/F B  Nş 00003-00001039 - OSPILM;;;;;1.086.181,57;;-6.960.444,90;;;
      284);;;18/02/26;Ventas: s/F A  Nş 00003-00000509 - OSLERA;;;;;94.759,43;;-7.055.204,33;;;
      285);;;18/02/26;Ventas: s/F A  Nş 00003-00000510 - APDIS;;;;;422.141,06;;-7.477.345,39;;;
      286);;;18/02/26;Ventas: s/F A  Nş 00003-00000511 - OSLERA;;;;;94.759,43;;-7.572.104,82;;;
      287);;;18/02/26;Ventas: s/F B  Nş 00003-00001040 - OSPERYH;;;;;8.703.955,13;;-16.276.059,95;;;
      288);;;18/02/26;Ventas: s/F B  Nş 00003-00001041 - OSPERYHRA;;;;;1.758.170,91;;-18.034.230,86;;;
      289);;;18/02/26;Ventas: s/NC A  Nş 00003-00000032 - OSLERA;;;94.759,43;;;;-17.939.471,43;;;
      342);;;28/02/26;Devengamiento Iva Febrero 2026;;;17.939.471,43;;;;0,00;;;
      353);;;01/03/26;Ventas: s/F A  Nş 00003-00000512 - GEA S.A.;;;;;255.986,91;;-255.986,91;;;
      354);;;01/03/26;Ventas: s/F A  Nş 00003-00000513 - ASSISTENCIAL SALUD S.A.;;;;;669.409,64;;-925.396,55;;;
      355);;;01/03/26;Ventas: s/F A  Nş 00003-00000514 - MEDICAL SERVICIOS DE SALUD SRL;;;;;474.028,90;;-1.399.425,45;;;
      356);;;01/03/26;Ventas: s/F B  Nş 00003-00001042 - OS PRENSA ROSARIO;;;;;182.287,25;;-1.581.712,70;;;
      357);;;01/03/26;Ventas: s/F B  Nş 00003-00001043 - OS PRENSA ROSARIO;;;;;203.598,49;;-1.785.311,19;;;
      358);;;01/03/26;Ventas: s/F B  Nş 00003-00001044 - O.S. DEL PER. DEL JOCKEY CLUB DE ROSAR;;;;;464.759,66;;-2.250.070,85;;;
      359);;;01/03/26;Ventas: s/F B  Nş 00003-00001045 - O.S. DEL PER. DEL JOCKEY CLUB DE ROSAR;;;;;163.395,22;;-2.413.466,07;;;
      360);;;01/03/26;Ventas: s/F B  Nş 00003-00001046 - OSPERYH;;;;;479.736,21;;-2.893.202,28;;;
      361);;;01/03/26;Ventas: s/F B  Nş 00003-00001047 - OSPERYHRA;;;;;100.997,10;;-2.994.199,38;;;
      362);;;01/03/26;Ventas: s/F B  Nş 00003-00001048 - FATERYH;;;;;1.918.944,82;;-4.913.144,20;;;
      363);;;01/03/26;Ventas: s/F B  Nş 00003-00001049 - SUTERH;;;;;403.988,38;;-5.317.132,58;;;
      364);;;01/03/26;Ventas: s/F B  Nş 00003-00001050 - OBRA SOCIAL DEL PERSONAL MUNICIPAL DE;;;;;80.850,00;;-5.397.982,58;;;
      365);;;01/03/26;Ventas: s/F B  Nş 00003-00001051 - OBRA SOCIAL DEL PERSONAL MUNICIPAL DE;;;;;1.039.500,00;;-6.437.482,58;;;
      366);;;01/03/26;Ventas: s/F B  Nş 00003-00001052 - OSPILM;;;;;1.236.774,92;;-7.674.257,50;;;
      445);;;15/03/26;Ventas: s/F A  Nş 00003-00000515 - APDIS;;;;;171.775,99;;-7.846.033,49;;;
      446);;;15/03/26;Ventas: s/F A  Nş 00003-00000516 - OSLERA;;;;;41.146,57;;-7.887.180,06;;;
      447);;;15/03/26;Ventas: s/F B  Nş 00003-00001053 - OSPERYH;;;;;3.680.006,70;;-11.567.186,76;;;
      448);;;15/03/26;Ventas: s/F B  Nş 00003-00001054 - OSPERYHRA;;;;;544.063,73;;-12.111.250,49;;;
      522);;;31/03/26;Devengamiento Iva Marzo 2026;;;12.111.250,49;;;;0,00;;;
      527);;;01/04/26;Ventas: s/F A  Nş 00003-00000518 - MEDICAL SERVICIOS DE SALUD SRL;;;;;268.814,37;;-268.814,37;;;
      528);;;01/04/26;Ventas: s/F A  Nş 00003-00000519 - ASSISTENCIAL SALUD S.A.;;;;;256.442,20;;-525.256,57;;;
      529);;;01/04/26;Ventas: s/F B  Nş 00003-00001055 - OS PRENSA ROSARIO;;;;;182.287,25;;-707.543,82;;;
      530);;;01/04/26;Ventas: s/F B  Nş 00003-00001056 - OS PRENSA ROSARIO;;;;;203.598,49;;-911.142,31;;;
      531);;;01/04/26;Ventas: s/F B  Nş 00003-00001057 - O.S. DEL PER. DEL JOCKEY CLUB DE ROSAR;;;;;464.759,66;;-1.375.901,97;;;
      532);;;01/04/26;Ventas: s/F B  Nş 00003-00001058 - O.S. DEL PER. DEL JOCKEY CLUB DE ROSAR;;;;;163.395,22;;-1.539.297,19;;;
      533);;;01/04/26;Ventas: s/F B  Nş 00003-00001059 - OSPERYH;;;;;479.736,21;;-2.019.033,40;;;
      534);;;01/04/26;Ventas: s/F B  Nş 00003-00001060 - OSPERYHRA;;;;;100.997,10;;-2.120.030,50;;;
      535);;;01/04/26;Ventas: s/F B  Nş 00003-00001062 - SUTERH;;;;;403.988,38;;-2.524.018,88;;;
      536);;;01/04/26;Ventas: s/F B  Nş 00003-00001063 - OBRA SOCIAL DEL PERSONAL MUNICIPAL DE;;;;;80.850,00;;-2.604.868,88;;;
      537);;;01/04/26;Ventas: s/F B  Nş 00003-00001064 - OBRA SOCIAL DEL PERSONAL MUNICIPAL DE;;;;;1.039.500,00;;-3.644.368,88;;;
      538);;;01/04/26;Ventas: s/F B  Nş 00003-00001065 - OSPERYH;;;;;1.917.048,62;;-5.561.417,50;;;
      539);;;01/04/26;Ventas: s/F B  Nş 00003-00001066 - OSPERYHRA;;;;;227.027,06;;-5.788.444,56;;;
      540);;;01/04/26;Ventas: s/F B  Nş 00003-00001067 - OSPILM;;;;;592.258,53;;-6.380.703,09;;;
      541);;;01/04/26;Ventas: s/F A  Nş 00003-00000517 - GEA S.A.;;;;;255.986,91;;-6.636.690,00;;;
      542);;;01/04/26;Ventas: s/F B  Nş 00003-00001061 - FATERYH;;;;;1.918.944,82;;-8.555.634,82;;;
      631);;;15/04/26;Ventas: s/F B  Nş 00003-00001068 - OSPERYH;;;;;8.575.284,16;;-17.130.918,98;;;
      632);;;15/04/26;Ventas: s/F B  Nş 00003-00001069 - OSPERYHRA;;;;;1.126.445,63;;-18.257.364,61;;;
      716);;;30/04/26;Ventas: s/F A  Nş 00003-00000520 - APDIS;;;;;423.691,00;;-18.681.055,61;;;
      717);;;30/04/26;Ventas: s/F A  Nş 00003-00000521 - OSLERA;;;;;64.198,38;;-18.745.253,99;;;
      740);;;05/05/26;Ventas: s/F A  Nş 00003-00000522 - GEA S.A.;;;;;255.986,91;;-19.001.240,90;;;
      741);;;05/05/26;Ventas: s/F A  Nş 00003-00000524 - CAMPSIC;;;;;5.040,00;;-19.006.280,90;;;
      742);;;05/05/26;Ventas: s/F A  Nş 00003-00000525 - MEDICAL SERVICIOS DE SALUD SRL;;;;;36.895,32;;-19.043.176,22;;;
      743);;;05/05/26;Ventas: s/F B  Nş 00003-00001070 - OS PRENSA ROSARIO;;;;;182.287,25;;-19.225.463,47;;;
      744);;;05/05/26;Ventas: s/F B  Nş 00003-00001071 - OS PRENSA ROSARIO;;;;;203.598,49;;-19.429.061,96;;;
      745);;;05/05/26;Ventas: s/F B  Nş 00003-00001072 - O.S. DEL PER. DEL JOCKEY CLUB DE ROSAR;;;;;464.759,66;;-19.893.821,62;;;
      746);;;05/05/26;Ventas: s/F B  Nş 00003-00001073 - O.S. DEL PER. DEL JOCKEY CLUB DE ROSAR;;;;;163.395,22;;-20.057.216,84;;;
      747);;;05/05/26;Ventas: s/F B  Nş 00003-00001074 - OSPERYH;;;;;479.736,21;;-20.536.953,05;;;
      748);;;05/05/26;Ventas: s/F B  Nş 00003-00001075 - OSPERYHRA;;;;;100.997,10;;-20.637.950,15;;;
      749);;;05/05/26;Ventas: s/F B  Nş 00003-00001076 - FATERYH;;;;;1.918.944,82;;-22.556.894,97;;;
      750);;;05/05/26;Ventas: s/F B  Nş 00003-00001077 - SUTERH;;;;;403.988,38;;-22.960.883,35;;;
      751);;;05/05/26;Ventas: s/F B  Nş 00003-00001078 - OBRA SOCIAL DEL PERSONAL MUNICIPAL DE;;;;;80.850,00;;-23.041.733,35;;;
      752);;;05/05/26;Ventas: s/F B  Nş 00003-00001080 - O.S. DEL PER. DEL JOCKEY CLUB DE ROSAR;;;;;25.095,94;;-23.066.829,29;;;
      753);;;05/05/26;Ventas: s/F B  Nş 00003-00001081 - OSBARA;;;;;7.134,75;;-23.073.964,04;;;
      754);;;05/05/26;Ventas: s/F B  Nş 00003-00001082 - OSPERYH;;;;;1.400.514,06;;-24.474.478,10;;;
      755);;;05/05/26;Ventas: s/F B  Nş 00003-00001083 - OSPERYHRA;;;;;1.549.833,81;;-26.024.311,91;;;
      756);;;05/05/26;Ventas: s/F A  Nş 00003-00000526 - MEDICAL SERVICIOS DE SALUD SRL;;;;;573.410,26;;-26.597.722,17;;;
      757);;;05/05/26;Ventas: s/F A  Nş 00003-00000527 - ASSISTENCIAL SALUD S.A.;;;;;545.688,09;;-27.143.410,26;;;
      758);;;05/05/26;Ventas: s/F A  Nş 00003-00000528 - APDIS;;;;;495.919,38;;-27.639.329,64;;;
      759);;;05/05/26;Ventas: s/F A  Nş 00003-00000529 - OSLERA;;;;;66.672,89;;-27.706.002,53;;;
      760);;;05/05/26;Ventas: s/F B  Nş 00003-00001084 - OSPILM;;;;;1.208.596,14;;-28.914.598,67;;;
      761);;;05/05/26;Ventas: s/F A  Nş 00003-00000523 - APDIS;;;;;79.879,80;;-28.994.478,47;;;
      765);;;05/05/26;Ventas: s/F B  Nş 00003-00001085 - OSPERYH;;;;;10.642.902,66;;-39.637.381,13;;;
      766);;;05/05/26;Ventas: s/F B  Nş 00003-00001079 - OBRA SOCIAL DEL PERSONAL MUNICIPAL DE;;;;;1.039.500,00;;-40.676.881,13;;;
      781);;;08/05/26;Ventas: s/NC A  Nş 00003-00000033 - APDIS;;;495.919,38;;;;-40.180.961,75;;;
      782);;;08/05/26;Ventas: s/NC A  Nş 00003-00000034 - OSLERA;;;66.672,89;;;;-40.114.288,86;;;
      783);;;08/05/26;Ventas: s/NC B  Nş 00003-00000054 - OSPERYH;;;10.642.902,66;;;;-29.471.386,20;;;
      804);;;15/05/26;Ventas: s/F B  Nş 00003-00001086 - OSPERYHRA;;;;;1.621.017,96;;-31.092.404,16;;;
      805);;;15/05/26;Ventas: s/F A  Nş 00003-00000530 - APDIS;;;;;495.919,38;;-31.588.323,54;;;
      806);;;15/05/26;Ventas: s/F A  Nş 00003-00000531 - OSLERA;;;;;66.672,89;;-31.654.996,43;;;
      807);;;15/05/26;Ventas: s/F B  Nş 00003-00001087 - OSPERYH;;;;;10.642.902,66;;-42.297.899,09;;;
      817);;;01/06/26;Ventas: s/F A  Nş 00003-00000532 - GEA S.A.;;;;;279.435,31;;-42.577.334,40;;;
      818);;;01/06/26;Ventas: s/F A  Nş 00003-00000533 - APDIS;;;;;15.531,60;;-42.592.866,00;;;
      819);;;01/06/26;Ventas: s/F A  Nş 00003-00000534 - CAMPSIC;;;;;6.048,00;;-42.598.914,00;;;
      820);;;01/06/26;Ventas: s/F A  Nş 00003-00000535 - OMINT S.A.;;;;;156.240,00;;-42.755.154,00;;;
      821);;;01/06/26;Ventas: s/F A  Nş 00003-00000536 - MEDICAL SERVICIOS DE SALUD SRL;;;;;47.820,03;;-42.802.974,03;;;
      822);;;01/06/26;Ventas: s/F A  Nş 00003-00000537 - MEDICAL SERVICIOS DE SALUD SRL;;;;;764.436,47;;-43.567.410,50;;;
      823);;;01/06/26;Ventas: s/F A  Nş 00003-00000538 - ASSISTENCIAL SALUD S.A.;;;;;831.538,23;;-44.398.948,73;;;
      824);;;01/06/26;Ventas: s/F B  Nş 00003-00001088 - OS PRENSA ROSARIO;;;;;200.515,97;;-44.599.464,70;;;
      825);;;01/06/26;Ventas: s/F B  Nş 00003-00001089 - OS PRENSA ROSARIO;;;;;223.958,34;;-44.823.423,04;;;
      826);;;01/06/26;Ventas: s/F B  Nş 00003-00001090 - OSPERYH;;;;;507.608,88;;-45.331.031,92;;;
      827);;;01/06/26;Ventas: s/F B  Nş 00003-00001091 - OSPERYHRA;;;;;106.865,03;;-45.437.896,95;;;
      828);;;01/06/26;Ventas: s/F B  Nş 00003-00001092 - FATERYH;;;;;2.030.435,52;;-47.468.332,47;;;
      829);;;01/06/26;Ventas: s/F B  Nş 00003-00001093 - SUTERH;;;;;427.460,11;;-47.895.792,58;;;
      830);;;01/06/26;Ventas: s/F B  Nş 00003-00001094 - OBRA SOCIAL DEL PERSONAL MUNICIPAL DE;;;;;88.255,86;;-47.984.048,44;;;
      831);;;01/06/26;Ventas: s/F B  Nş 00003-00001095 - OBRA SOCIAL DEL PERSONAL MUNICIPAL DE;;;;;1.134.718,20;;-49.118.766,64;;;
      832);;;01/06/26;Ventas: s/F B  Nş 00003-00001096 - OSBARA;;;;;8.813,70;;-49.127.580,34;;;
      833);;;01/06/26;Ventas: s/F B  Nş 00003-00001097 - OSPERYH;;;;;5.520.238,50;;-54.647.818,84;;;
      834);;;01/06/26;Ventas: s/F B  Nş 00003-00001098 - OSPERYHRA;;;;;97.839,00;;-54.745.657,84;;;
      835);;;01/06/26;Ventas: s/F B  Nş 00003-00001099 - OSPILM;;;;;1.630.856,43;;-56.376.514,27;;;
      836);;;01/06/26;Ventas: s/NC B  Nş 00003-00000055 - OMINT S.A.;;;15.624,00;;;;-56.360.890,27;;;
      837);;;01/06/26;Ventas: s/F A  Nş 00003-00000539 - OMINT S.A.;;;;;15.624,00;;-56.376.514,27;;;
      838);;;01/06/26;Ventas: s/NC A  Nş 00003-00000035 - OMINT S.A.;;;156.240,00;;;;-56.220.274,27;;;
      839);;;01/06/26;Ventas: s/F B  Nş 00003-00001100 - O.S. DEL PER. DEL JOCKEY CLUB DE ROSAR;;;;;511.235,62;;-56.731.509,89;;;
      840);;;01/06/26;Ventas: s/F B  Nş 00003-00001101 - O.S. DEL PER. DEL JOCKEY CLUB DE ROSAR;;;;;179.734,74;;-56.911.244,63;;;
      841);;;01/06/26;Ventas: s/F B  Nş 00003-00001102 - O.S. DEL PER. DEL JOCKEY CLUB DE ROSAR;;;;;5.558,88;;-56.916.803,51;;;
      842);;;01/06/26;Ventas: s/F B  Nş 00003-00001103 - OMINT S.A.;;;;;15.624,00;;-56.932.427,51;;;
      843);;;01/06/26;Ventas: s/NC A  Nş 00003-00000036 - OMINT S.A.;;;15.624,00;;;;-56.916.803,51;;;
      844);;;01/06/26;Ventas: s/F A  Nş 00003-00000540 - OMINT S.A.;;;;;217.056,00;;-57.133.859,51;;;
;;;;;;;66.836.526,86;;123.970.386,37;;;;;
;;;;;;;;;;;;;;
02.01.02.06 - RET. I.G. PROVEEDORES (P);;;;;;;;;;;;;;
Asiento Nş;;;Fecha;Concepto;;;Debe;;Haber;;Saldo;;;
      1);;;01/01/26;Automático: Asiento de Inicio;;;;;463.294,41;;-463.294,41;;;
      68);;;05/01/26;Retenciones Ganancias;;;65.299,75;;;;-397.994,66;;;
      143);;;20/01/26;Pagos: s/ O.Pago Nş6103 - DAURAT MERCEDES MARIA;;;;;98.656,60;;-496.651,26;;;
;;;;;;;65.299,75;;561.951,01;;;;;
;;;;;;;;;;;;;;
02.01.02.07 - RET. I.G. AL PERSONAL (P);;;;;;;;;;;;;;
Asiento Nş;;;Fecha;Concepto;;;Debe;;Haber;;Saldo;;;
      1);;;01/01/26;Automático: Asiento de Inicio;;;;;1.594,88;;-1.594,88;;;
      68);;;05/01/26;Retenciones Ganancias;;;1.594,88;;;;0,00;;;
;;;;;;;1.594,88;;1.594,88;;;;;
;;;;;;;;;;;;;;
02.01.02.10 - PFP AFIP A PAGAR (P);;;;;;;;;;;;;;
Asiento Nş;;;Fecha;Concepto;;;Debe;;Haber;;Saldo;;;
      1);;;01/01/26;Automático: Asiento de Inicio;;;;;198.448.894,18;;-198.448.894,18;;;
      94);;;12/01/26;V066516 - Cuota 2.071.918,23 (Pago Cuota 1);;;1.496.203,43;;;;-196.952.690,75;;;
      95);;;12/01/26;V113915 - Cuota 3.733.998,24 (Pago Cuota 1);;;3.005.518,91;;;;-193.947.171,84;;;
      113);;;16/01/26;V293237 - Pago Cuota 2;;;1.341.891,01;;;;-192.605.280,83;;;
      114);;;16/01/26;V114140 PAgo Cuota 4;;;398.176,41;;;;-192.207.104,42;;;
      115);;;16/01/26;V293428 - Pago Cuota 2;;;211.014,13;;;;-191.996.090,29;;;
      150);;;21/01/26;(Cad.PlanU342461) Caducidad PFPU342461;;;9.948.435,16;;;;-182.047.655,13;;;
      151);;;21/01/26;(Cad.PlanT924280) Caducidad PFPT924280;;;2.655.513,84;;;;-179.392.141,29;;;
      155);;;22/01/26;Devengamiento PFP V612731;;;;;39.604.565,15;;-218.996.706,44;;;
      271);;;11/02/26;V113915 - Cuota 3.733.998,24 (Pago Cuota 2);;;3.088.170,68;;;;-215.908.535,76;;;
      272);;;11/02/26;V293428 - Cuota 216.835,52 (Pago Cuota 1);;;216.835,52;;;;-215.691.700,24;;;
      273);;;11/02/26;V066516 - Cuota 2.071.918,23 (Pago Cuota 3);;;1.579.626,13;;;;-214.112.074,11;;;
      279);;;16/02/26;V293237 - Pago Cuota 3;;;1.378.793,01;;;;-212.733.281,10;;;
      280);;;16/02/26;V114140 Pago Cuota 5;;;403.631,44;;;;-212.329.649,66;;;
      281);;;16/02/26;V293428 - Pago Cuota 3;;;213.905,02;;;;-212.115.744,64;;;
      282);;;16/02/26;V429557 -Pago Cuota 2;;;2.790.592,21;;;;-209.325.152,43;;;
      300);;;20/02/26;Devengamiento PFP V725256;;;;;28.066.385,92;;-237.391.538,35;;;
      301);;;20/02/26;Devengamiento PFP V725445;;;;;17.535.366,69;;-254.926.905,04;;;
      302);;;20/02/26;Pago a cuenta V725445;;;876.768,33;;;;-254.050.136,71;;;
      525);;;31/03/26;Reclasificacion de cuentas de impuestos;;;;;8.673,22;;-254.058.809,93;;;
      616);;;09/04/26;Devengamiento PFP V933604;;;;;28.686.824,21;;-282.745.634,14;;;
      639);;;18/04/26;Caducidad PFP V429998;;;83.671.551,59;;;;-199.074.082,55;;;
      640);;;18/04/26;Caducidad PFP V113915;;;17.223.372,54;;;;-181.850.710,01;;;
      641);;;18/04/26;(Cad.PlanV066516) Caducidad PFP V066516;;;14.698.839,36;;;;-167.151.870,65;;;
      642);;;18/04/26;Intereses Negativos a Devengar PFP Afip;;;800,00;;;;-167.151.070,65;;;
;;;;;;;145.199.638,72;;312.350.709,37;;;;;
;;;;;;;;;;;;;;
02.01.03.01 - SUELDOS A PAGAR (P);;;;;;;;;;;;;;
Asiento Nş;;;Fecha;Concepto;;;Debe;;Haber;;Saldo;;;
      1);;;01/01/26;Automático: Asiento de Inicio;;;;;83.967.435,45;;-83.967.435,45;;;
      61);;;02/01/26;Sueldos a pagar;;;;;8.606.340,55;;-92.573.776,00;;;
      76);;;07/01/26;(Saldo Dic 2025) Pago de Haberes;;;8.587.362,00;;;;-83.986.414,00;;;
      126);;;19/01/26;(Pago 2şSAC 2025) Pago de Haberes;;;8.183.911,00;;;;-75.802.503,00;;;
      188);;;30/01/26;Pago de Haberes;;;9.340.751,00;;;;-66.461.752,00;;;
      188);;;30/01/26;(LF-Villegas) Pago de Haberes;;;3.521.670,00;;;;-62.940.082,00;;;
      198);;;31/01/26;Devengamiento Sueldos Enero 2026;;;;;18.259.180,00;;-81.199.262,00;;;
      254);;;05/02/26;Pago de Haberes;;;8.918.429,00;;;;-72.280.833,00;;;
      331);;;27/02/26;Pago de Haberes;;;9.305.536,00;;;;-62.975.297,00;;;
      344);;;28/02/26;Devengamiento Sueldos Febrero 2026;;;;;18.611.072,00;;-81.586.369,00;;;
      399);;;05/03/26;Pago de Haberes;;;9.305.536,00;;;;-72.280.833,00;;;
      502);;;31/03/26;Pago de Haberes 50% Marzo;;;9.122.305,50;;;;-63.158.527,50;;;
      521);;;31/03/26;Devengamiento Sueldos Marzo 2026;;;;;18.491.045,50;;-81.649.573,00;;;
      604);;;08/04/26;Pago de Haberes Marzo Saldo;;;9.368.740,00;;;;-72.280.833,00;;;
      702);;;30/04/26;Pago de Haberes 50% Abril;;;9.234.245,50;;;;-63.046.587,50;;;
      715);;;30/04/26;Devengamiento Sueldos Abril 2026;;;;;18.468.491,00;;-81.515.078,50;;;
      775);;;07/05/26;Pago de Haberes 50% Abril - Saldo;;;9.354.993,50;;;;-72.160.085,00;;;
;;;;;;;94.243.479,50;;166.403.564,50;;;;;
;;;;;;;;;;;;;;
02.01.03.03 - PREVISION DESPIDOS RES. 1/1998 (P);;;;;;;;;;;;;;
Asiento Nş;;;Fecha;Concepto;;;Debe;;Haber;;Saldo;;;
      1);;;01/01/26;Automático: Asiento de Inicio;;;;;51.834.931,35;;-51.834.931,35;;;
      10);;;01/01/26;Reversion Prevision P/Despidos;;;51.834.931,35;;;;0,00;;;
;;;;;;;51.834.931,35;;51.834.931,35;;;;;
;;;;;;;;;;;;;;
02.01.03.04 - CONTRIBUCIONES A PAGAR (P);;;;;;;;;;;;;;
Asiento Nş;;;Fecha;Concepto;;;Debe;;Haber;;Saldo;;;
      1);;;01/01/26;Automático: Asiento de Inicio;;;;;8.588.020,65;;-8.588.020,65;;;
      82);;;09/01/26;Pago Obra Social-SCVO 2025-11;;;1.124.554,96;;;;-7.463.465,69;;;
      150);;;21/01/26;(Cad.PlanU342461) Caducidad PFPU342461;;;;;2.481.372,31;;-9.944.838,00;;;
      151);;;21/01/26;(Cad.PlanT924280) Caducidad PFPT924280;;;;;558.736,44;;-10.503.574,44;;;
      155);;;22/01/26;(CS 2025-12) Devengamiento PFP V612731;;;5.876.969,65;;;;-4.626.604,79;;;
      198);;;31/01/26;Devengamiento Sueldos Enero 2026;;;;;5.059.703,05;;-9.686.307,84;;;
      258);;;06/02/26;Pago Obra Social-SCVO 2025-12;;;1.586.496,04;;;;-8.099.811,80;;;
      300);;;20/02/26;(CS 2026-01) Devengamiento PFP V725256;;;3.984.133,63;;;;-4.115.678,17;;;
      301);;;20/02/26;Devengamiento PFP V725445;;;2.481.372,31;;;;-1.634.305,86;;;
      301);;;20/02/26;(CS 2024-10) Devengamiento PFP V725445;;;558.736,44;;;;-1.075.569,42;;;
      344);;;28/02/26;Devengamiento Sueldos Febrero 2026;;;;;5.154.722,63;;-6.230.292,05;;;
      521);;;31/03/26;Devengamiento Sueldos Marzo 2026;;;;;5.052.854,17;;-11.283.146,22;;;
      525);;;31/03/26;Reclasificacion de cuentas de impuestos;;;1.090.399,67;;;;-10.192.746,55;;;
      611);;;09/04/26;Pago Obra Social-SCVO 2026-02;;;1.095.761,07;;;;-9.096.985,48;;;
      612);;;09/04/26;Pago Obra Social-SCVO 2026-01;;;1.075.569,42;;;;-8.021.416,06;;;
      616);;;09/04/26;(2026-03) Devengamiento PFP V933604;;;3.978.740,15;;;;-4.042.675,91;;;
      616);;;09/04/26;(CS 2026-02) Devengamiento PFP V933604;;;4.058.961,56;;;;16.285,65;;;
      639);;;18/04/26;(Cad.PlanV429998) Caducidad PFP V429998;;;;;21.073.591,81;;-21.057.306,16;;;
      640);;;18/04/26;(Cad.PlanV113915) Caducidad PFP V113915;;;;;5.823.437,12;;-26.880.743,28;;;
      641);;;18/04/26;(Cad.PlanV066516) Caducidad PFP V066516;;;;;3.767.076,91;;-30.647.820,19;;;
      684);;;28/04/26;Pago Obra Social-SCVO 2026-03;;;1.074.114,02;;;;-29.573.706,17;;;
      715);;;30/04/26;Devengamiento Sueldos Abril 2026;;;;;5.127.839,18;;-34.701.545,35;;;
;;;;;;;27.985.808,92;;62.687.354,27;;;;;
;;;;;;;;;;;;;;
02.01.03.05 - APORTES A PAGAR (P);;;;;;;;;;;;;;
Asiento Nş;;;Fecha;Concepto;;;Debe;;Haber;;Saldo;;;
      1);;;01/01/26;Automático: Asiento de Inicio;;;;;5.850.132,47;;-5.850.132,47;;;
      82);;;09/01/26;Pago Obra Social-SCVO 2025-11;;;562.277,48;;;;-5.287.854,99;;;
      150);;;21/01/26;(Cad.PlanU342461) Caducidad PFPU342461;;;;;1.815.222,08;;-7.103.077,07;;;
      151);;;21/01/26;(Cad.PlanT924280) Caducidad PFPT924280;;;;;430.238,95;;-7.533.316,02;;;
      155);;;22/01/26;(Ap SS 2025-12) Devengamiento PFP V612731;;;4.494.606,98;;;;-3.038.709,04;;;
      198);;;31/01/26;Devengamiento Sueldos Enero 2026;;;;;3.585.231,28;;-6.623.940,32;;;
      258);;;06/02/26;Pago Obra Social-SCVO 2025-12;;;793.248,01;;;;-5.830.692,31;;;
      300);;;20/02/26;(Ap SS 2026-01) Devengamiento PFP V725256;;;3.047.446,60;;;;-2.783.245,71;;;
      301);;;20/02/26;Devengamiento PFP V725445;;;1.815.222,08;;;;-968.023,63;;;
      301);;;20/02/26;(Ap SS 2024-10) Devengamiento PFP V725445;;;430.238,95;;;;-537.784,68;;;
      344);;;28/02/26;Devengamiento Sueldos Febrero 2026;;;;;3.652.536,84;;-4.190.321,52;;;
      521);;;31/03/26;Devengamiento Sueldos Marzo 2026;;;;;3.580.380,02;;-7.770.701,54;;;
      525);;;31/03/26;Reclasificacion de cuentas de impuestos;;;545.024,16;;;;-7.225.677,38;;;
      611);;;09/04/26;Pago Obra Social-SCVO 2026-02;;;547.880,52;;;;-6.677.796,86;;;
      612);;;09/04/26;Pago Obra Social-SCVO 2026-01;;;537.784,68;;;;-6.140.012,18;;;
      616);;;09/04/26;(2026-03) Devengamiento PFP V933604;;;3.043.323,00;;;;-3.096.689,18;;;
      616);;;09/04/26;(Ap SS 2026-02) Devengamiento PFP V933604;;;3.104.656,32;;;;7.967,14;;;
      639);;;18/04/26;(Cad.PlanV429998) Caducidad PFP V429998;;;;;16.202.854,19;;-16.194.887,05;;;
      640);;;18/04/26;(Cad.PlanV113915) Caducidad PFP V113915;;;;;4.118.816,91;;-20.313.703,96;;;
      641);;;18/04/26;(Cad.PlanV066516) Caducidad PFP V066516;;;;;2.741.155,89;;-23.054.859,85;;;
      684);;;28/04/26;Pago Obra Social-SCVO 2026-03;;;537.057,02;;;;-22.517.802,83;;;
      715);;;30/04/26;Devengamiento Sueldos Abril 2026;;;;;3.633.494,43;;-26.151.297,26;;;
;;;;;;;19.458.765,80;;45.610.063,06;;;;;
;;;;;;;;;;;;;;
02.01.03.06 - ART A PAGAR (P);;;;;;;;;;;;;;
Asiento Nş;;;Fecha;Concepto;;;Debe;;Haber;;Saldo;;;
      1);;;01/01/26;Automático: Asiento de Inicio;;;;;1.986.732,71;;-1.986.732,71;;;
      82);;;09/01/26;Pago Obra Social-SCVO 2025-11;;;827.429,14;;;;-1.159.303,57;;;
      198);;;31/01/26;Devengamiento Sueldos Enero 2026;;;;;803.543,52;;-1.962.847,09;;;
      344);;;28/02/26;Devengamiento Sueldos Febrero 2026;;;;;818.576,17;;-2.781.423,26;;;
      521);;;31/03/26;Devengamiento Sueldos Marzo 2026;;;;;803.787,26;;-3.585.210,52;;;
      611);;;09/04/26;Pago Obra Social-SCVO 2026-02;;;818.576,17;;;;-2.766.634,35;;;
      612);;;09/04/26;Pago Obra Social-SCVO 2026-01;;;803.543,52;;;;-1.963.090,83;;;
      683);;;28/04/26;Pago ART Dic2025 y Mar2026;;;1.963.090,83;;;;0,00;;;
      715);;;30/04/26;Devengamiento Sueldos Abril 2026;;;;;823.997,89;;-823.997,89;;;
;;;;;;;4.412.639,66;;5.236.637,55;;;;;
;;;;;;;;;;;;;;
02.01.03.07 - SVO A PAGAR (P);;;;;;;;;;;;;;
Asiento Nş;;;Fecha;Concepto;;;Debe;;Haber;;Saldo;;;
      1);;;01/01/26;Automático: Asiento de Inicio;;;;;8.725,68;;-8.725,68;;;
      82);;;09/01/26;Pago Obra Social-SCVO 2025-11;;;4.362,84;;;;-4.362,84;;;
      198);;;31/01/26;Devengamiento Sueldos Enero 2026;;;;;4.028,16;;-8.391,00;;;
      258);;;06/02/26;Pago Obra Social-SCVO 2025-12;;;4.362,84;;;;-4.028,16;;;
      344);;;28/02/26;Devengamiento Sueldos Febrero 2026;;;;;4.028,16;;-8.056,32;;;
      521);;;31/03/26;Devengamiento Sueldos Marzo 2026;;;;;5.107,44;;-13.163,76;;;
      611);;;09/04/26;Pago Obra Social-SCVO 2026-02;;;4.028,16;;;;-9.135,60;;;
      612);;;09/04/26;Pago Obra Social-SCVO 2026-01;;;4.028,16;;;;-5.107,44;;;
      684);;;28/04/26;Pago Obra Social-SCVO 2026-03;;;5.107,44;;;;0,00;;;
      715);;;30/04/26;Devengamiento Sueldos Abril 2026;;;;;5.107,44;;-5.107,44;;;
;;;;;;;21.889,44;;26.996,88;;;;;
;;;;;;;;;;;;;;
02.01.03.08 - SINDICATO A PAGAR (P);;;;;;;;;;;;;;
Asiento Nş;;;Fecha;Concepto;;;Debe;;Haber;;Saldo;;;
      1);;;01/01/26;Automático: Asiento de Inicio;;;;;1.798.073,62;;-1.798.073,62;;;
      71);;;06/01/26;Pago Plan de Pago Sindicato;;;832.000,00;;;;-966.073,62;;;
      198);;;31/01/26;(FAECYS) Devengamiento Sueldos Enero 2026;;;;;79.063,09;;-1.045.136,71;;;
      198);;;31/01/26;(INACAP) Devengamiento Sueldos Enero 2026;;;;;52.789,70;;-1.097.926,41;;;
      198);;;31/01/26;(SEC) Devengamiento Sueldos Enero 2026;;;;;316.252,37;;-1.414.178,78;;;
      264);;;09/02/26;Pago Plan de Pago Sindicato;;;832.000,00;;;;-582.178,78;;;
      344);;;28/02/26;(FAECYS) Devengamiento Sueldos Febrero 2026;;;;;81.212,83;;-663.391,61;;;
      344);;;28/02/26;(INACAP) Devengamiento Sueldos Febrero 2026;;;;;52.789,70;;-716.181,31;;;
      344);;;28/02/26;(SEC) Devengamiento Sueldos Febrero 2026;;;;;324.851,28;;-1.041.032,59;;;
      417);;;09/03/26;Pago Plan de Pago Sindicato;;;832.000,00;;;;-209.032,59;;;
      521);;;31/03/26;(FAECYS) Devengamiento Sueldos Marzo 2026;;;;;81.453,61;;-290.486,20;;;
      521);;;31/03/26;(INACAP) Devengamiento Sueldos Marzo 2026;;;;;52.789,70;;-343.275,90;;;
      521);;;31/03/26;(SEC) Devengamiento Sueldos Marzo 2026;;;;;319.660,95;;-662.936,85;;;
      525);;;31/03/26;Reclasificacion de cuentas de impuestos;;;;;2.496.000,00;;-3.158.936,85;;;
      715);;;30/04/26;(FAECYS) Devengamiento Sueldos Abril 2026;;;;;81.647,78;;-3.240.584,63;;;
      715);;;30/04/26;(INACAP) Devengamiento Sueldos Abril 2026;;;;;53.945,60;;-3.294.530,23;;;
      715);;;30/04/26;(SEC) Devengamiento Sueldos Abril 2026;;;;;326.591,04;;-3.621.121,27;;;
;;;;;;;2.496.000,00;;6.117.121,27;;;;;
;;;;;;;;;;;;;;
02.01.03.09 - OBRA SOCIAL A PAGAR (P);;;;;;;;;;;;;;
Asiento Nş;;;Fecha;Concepto;;;Debe;;Haber;;Saldo;;;
      1);;;01/01/26;Automático: Asiento de Inicio;;;;;92.210,28;;-92.210,28;;;
      198);;;31/01/26;Devengamiento Sueldos Enero 2026;;;;;85.000,00;;-177.210,28;;;
      344);;;28/02/26;Devengamiento Sueldos Febrero 2026;;;;;85.000,00;;-262.210,28;;;
      521);;;31/03/26;Devengamiento Sueldos Marzo 2026;;;;;85.000,00;;-347.210,28;;;
      715);;;30/04/26;Devengamiento Sueldos Abril 2026;;;;;280.000,00;;-627.210,28;;;
;;;;;;;0,00;;627.210,28;;;;;
;;;;;;;;;;;;;;
02.01.03.10 - PROVISIÓN SAC (P);;;;;;;;;;;;;;
Asiento Nş;;;Fecha;Concepto;;;Debe;;Haber;;Saldo;;;
      1);;;01/01/26;Automático: Asiento de Inicio;;;;;1.256.394,92;;-1.256.394,92;;;
      61);;;02/01/26;Sueldos a pagar;;;1.256.394,92;;;;0,00;;;
;;;;;;;1.256.394,92;;1.256.394,92;;;;;
;;;;;;;;;;;;;;
02.01.03.11 - PROVISIÓN CARGAS SOCIALES SAC (P);;;;;;;;;;;;;;
Asiento Nş;;;Fecha;Concepto;;;Debe;;Haber;;Saldo;;;
      1);;;01/01/26;Automático: Asiento de Inicio;;;;;565.377,72;;-565.377,72;;;
      61);;;02/01/26;Sueldos a pagar;;;565.377,72;;;;0,00;;;
;;;;;;;565.377,72;;565.377,72;;;;;
;;;;;;;;;;;;;;
02.01.04.01 - PRESTAMO BANCO CIUDAD (P);;;;;;;;;;;;;;
Asiento Nş;;;Fecha;Concepto;;;Debe;;Haber;;Saldo;;;
      1);;;01/01/26;Automático: Asiento de Inicio;;;;;18.608.852,86;;-18.608.852,86;;;
      118);;;16/01/26;Pago Prestamo Cuota 18;;;2.416.348,15;;;;-16.192.504,71;;;
      165);;;23/01/26;Pago Prestamo Cuota 19;;;2.492.865,84;;;;-13.699.638,87;;;
      413);;;06/03/26;Pago Prestamo Cuota 20;;;2.571.806,59;;;;-11.127.832,28;;;
      483);;;25/03/26;Pago Prestamo Cuota 21;;;2.653.247,13;;;;-8.474.585,15;;;
;;;;;;;10.134.267,71;;18.608.852,86;;;;;
;;;;;;;;;;;;;;
02.01.04.02 - INTERESES NEGATIVOS A DEVENGAR (P);;;;;;;;;;;;;;
Asiento Nş;;;Fecha;Concepto;;;Debe;;Haber;;Saldo;;;
      150);;;21/01/26;(Cad.PlanU342461) Caducidad PFPU342461;;;;;119.662,78;;-119.662,78;;;
      151);;;21/01/26;(Cad.PlanT924280) Caducidad PFPT924280;;;;;289.717,40;;-409.380,18;;;
      639);;;18/04/26;(Cad.PlanV429998) Caducidad PFP V429998;;;;;17.506.957,93;;-17.916.338,11;;;
      640);;;18/04/26;(Cad.PlanV113915) Caducidad PFP V113915;;;;;14.024,16;;-17.930.362,27;;;
      641);;;18/04/26;(Cad.PlanV066516) Caducidad PFP V066516;;;;;239.169,78;;-18.169.532,05;;;
      642);;;18/04/26;Intereses Negativos a Devengar PFP Afip;;;18.169.532,05;;;;0,00;;;
;;;;;;;18.169.532,05;;18.169.532,05;;;;;
;;;;;;;;;;;;;;
02.01.04.04 - PRESTAMO BANCO SANTANDER RIO (P);;;;;;;;;;;;;;
Asiento Nş;;;Fecha;Concepto;;;Debe;;Haber;;Saldo;;;
      1);;;01/01/26;Automático: Asiento de Inicio;;;;;54.753.632,23;;-54.753.632,23;;;
      66);;;05/01/26;Pago Prestamo 0197-039100721104;;;782.759,14;;;;-53.970.873,09;;;
      73);;;06/01/26;Pago Prestamo 0197-039100897649;;;613.888,89;;;;-53.356.984,20;;;
      84);;;09/01/26;Pago Prestamo 0197-039100866063;;;909.401,19;;;;-52.447.583,01;;;
      102);;;14/01/26;Pago Prestamo 0197-039100828171;;;663.255,06;;;;-51.784.327,95;;;
      163);;;23/01/26;Pago Prestamo 0197-039100730317;;;2.133.933,66;;;;-49.650.394,29;;;
      246);;;03/02/26;Pago Prestamo 0197-039100721104;;;809.503,41;;;;-48.840.890,88;;;
      261);;;06/02/26;Pago Prestamo 0197-039100897649;;;613.888,89;;;;-48.227.001,99;;;
      267);;;09/02/26;Pago Prestamo 0197-039100866063;;;944.261,57;;;;-47.282.740,42;;;
      293);;;18/02/26;Pago Prestamo 0197-039100828171;;;683.152,71;;;;-46.599.587,71;;;
      383);;;02/03/26;Pago Prestamo 0197-39100730317 Cuota 21;;;2.199.729,95;;;;-44.399.857,76;;;
      389);;;03/03/26;Pago Prestamo 0197-39100721104 Cuota 22;;;837.161,44;;;;-43.562.696,32;;;
      410);;;06/03/26;Pago Prestamo 0197-39100897649 Cuota 5;;;613.888,89;;;;-42.948.807,43;;;
      420);;;09/03/26;Pago Prestamo 0197-39100866063 Cuota 9;;;980.458,20;;;;-41.968.349,23;;;
      451);;;16/03/26;Pago Prestamo 0197-39100828171 Cuota 12;;;703.647,29;;;;-41.264.701,94;;;
      497);;;30/03/26;Pago Prestamo 0197-39100730317 Cuota 22;;;2.267.554,95;;;;-38.997.146,99;;;
      498);;;30/03/26;Pago Total Prestamo 0197-39100721104 Cuota 23 y 24;;;1.761.109,52;;;;-37.236.037,47;;;
      591);;;06/04/26;Pago Prestamo Santander 39100897649 - Cuota 6;;;613.888,89;;;;-36.622.148,58;;;
      608);;;09/04/26;Pago Prestamo Santander 39100866063 - Cuota 10;;;1.018.042,49;;;;-35.604.106,09;;;
      625);;;14/04/26;Pago Prestamo Santander 39100828171 - Cuota 13;;;724.756,71;;;;-34.879.349,38;;;
      680);;;28/04/26;Pago Prestamo Santander 39100730317 - Cuota 23;;;2.337.471,23;;;;-32.541.878,15;;;
;;;;;;;22.211.754,08;;54.753.632,23;;;;;
;;;;;;;;;;;;;;
02.01.04.05 - PRESTAMO BANCO MACRO (P);;;;;;;;;;;;;;
Asiento Nş;;;Fecha;Concepto;;;Debe;;Haber;;Saldo;;;
      1);;;01/01/26;Automático: Asiento de Inicio;;;;;5.887.314,29;;-5.887.314,29;;;
      144);;;20/01/26;Pago Prestamo Macro-Cuota 9;;;1.397.205,85;;;;-4.490.108,44;;;
      329);;;25/02/26;Pago Prestamo Macro-Cuota 10;;;1.445.817,02;;;;-3.044.291,42;;;
      484);;;25/03/26;Pago Prestamo Macro-Cuota 11;;;1.496.119,46;;;;-1.548.171,96;;;
;;;;;;;4.339.142,33;;5.887.314,29;;;;;
;;;;;;;;;;;;;;
02.01.04.08 - PRESTAMO BANCO BBVA (P);;;;;;;;;;;;;;
Asiento Nş;;;Fecha;Concepto;;;Debe;;Haber;;Saldo;;;
      1);;;01/01/26;Automático: Asiento de Inicio;;;;;54.034.423,42;;-54.034.423,42;;;
      54);;;02/01/26;Pago Cuota Nro 11 - Prestamo;;;714.299,40;;;;-53.320.124,02;;;
      181);;;29/01/26;Pago cuota Nro 12;;;738.704,60;;;;-52.581.419,42;;;
      411);;;06/03/26;Pago cuota Nro 13;;;763.943,70;;;;-51.817.475,72;;;
      601);;;08/04/26;Pago cuota Nro 14;;;790.045,11;;;;-51.027.430,61;;;
;;;;;;;3.006.992,81;;54.034.423,42;;;;;
;;;;;;;;;;;;;;
02.01.04.09 - PRESTAMO BRUBANK (P);;;;;;;;;;;;;;
Asiento Nş;;;Fecha;Concepto;;;Debe;;Haber;;Saldo;;;
      1);;;01/01/26;Automático: Asiento de Inicio;;;;;11.521.997,07;;-11.521.997,07;;;
      157);;;22/01/26;Pago Prestamo Brubank;;;1.311.479,19;;;;-10.210.517,88;;;
      304);;;22/02/26;Pago Prestamo Brubank;;;1.336.479,19;;;;-8.874.038,69;;;
      465);;;19/03/26;Pago Prestamo Brubank;;;1.351.479,19;;;;-7.522.559,50;;;
      638);;;17/04/26;Pago Prestamo Brubank;;;1.356.479,19;;;;-6.166.080,31;;;
;;;;;;;5.355.916,76;;11.521.997,07;;;;;
;;;;;;;;;;;;;;
03.01.01 - CAPITAL SOCIAL (N);;;;;;;;;;;;;;
Asiento Nş;;;Fecha;Concepto;;;Debe;;Haber;;Saldo;;;
      1);;;01/01/26;Automático: Asiento de Inicio;;;;;973.208,77;;-973.208,77;;;
;;;;;;;0,00;;973.208,77;;;;;
;;;;;;;;;;;;;;
03.02.01 - RESERVA LEGAL (N);;;;;;;;;;;;;;
Asiento Nş;;;Fecha;Concepto;;;Debe;;Haber;;Saldo;;;
      1);;;01/01/26;Automático: Asiento de Inicio;;;;;168.337,95;;-168.337,95;;;
;;;;;;;0,00;;168.337,95;;;;;
;;;;;;;;;;;;;;
03.02.02 - RESERVA ESTATUTUARIA (N);;;;;;;;;;;;;;
Asiento Nş;;;Fecha;Concepto;;;Debe;;Haber;;Saldo;;;
      1);;;01/01/26;Automático: Asiento de Inicio;;;;;237.533.225,30;;-237.533.225,30;;;
;;;;;;;0,00;;237.533.225,30;;;;;
;;;;;;;;;;;;;;
03.03.02 - RESULTADO DEL EJERCICIO (N);;;;;;;;;;;;;;
Asiento Nş;;;Fecha;Concepto;;;Debe;;Haber;;Saldo;;;
      1);;;01/01/26;Automático: Asiento de Inicio;;;921.791.964,81;;;;921.791.964,81;;;
;;;;;;;921.791.964,81;;0,00;;;;;
;;;;;;;;;;;;;;
03.03.04 - RESULTADOS NO ASIGNADOS (N);;;;;;;;;;;;;;
Asiento Nş;;;Fecha;Concepto;;;Debe;;Haber;;Saldo;;;
      1);;;01/01/26;Automático: Asiento de Inicio;;;;;133.620.881,46;;-133.620.881,46;;;
;;;;;;;0,00;;133.620.881,46;;;;;
;;;;;;;;;;;;;;
04.01.01 - INGRESOS POR SERVICIOS (R);;;;;;;;;;;;;;
Asiento Nş;;;Fecha;Concepto;;;Debe;;Haber;;Saldo;;;
      11);;;02/01/26;Ventas: s/F A  Nş 00003-00000498 - GEA S.A.;;;;;1.154.266,37;;-1.154.266,37;;;
      12);;;02/01/26;Ventas: s/F B  Nş 00003-00001018 - OBRA SOCIAL DEL PERSONAL MUNICIPAL DE;;;;;350.000,00;;-1.504.266,37;;;
      13);;;02/01/26;Ventas: s/F B  Nş 00003-00001011 - OS PRENSA ROSARIO;;;;;789.122,29;;-2.293.388,66;;;
      14);;;02/01/26;Ventas: s/F B  Nş 00003-00001012 - OS PRENSA ROSARIO;;;;;881.378,75;;-3.174.767,41;;;
      15);;;02/01/26;Ventas: s/F B  Nş 00003-00001013 - O.S. DEL PER. DEL JOCKEY CLUB DE ROSAR;;;;;2.011.946,57;;-5.186.713,98;;;
      16);;;02/01/26;Ventas: s/F B  Nş 00003-00001014 - O.S. DEL PER. DEL JOCKEY CLUB DE ROSAR;;;;;707.338,61;;-5.894.052,59;;;
      17);;;02/01/26;Ventas: s/F B  Nş 00003-00001015 - OSPERYH;;;;;2.176.126,29;;-8.070.178,88;;;
      18);;;02/01/26;Ventas: s/F B  Nş 00003-00001016 - OSPERYHRA;;;;;458.131,85;;-8.528.310,73;;;
      19);;;02/01/26;Ventas: s/F B  Nş 00003-00001017 - FATERYH;;;;;8.704.505,15;;-17.232.815,88;;;
      20);;;02/01/26;Ventas: s/F B  Nş 00003-00001019 - OBRA SOCIAL DEL PERSONAL MUNICIPAL DE;;;;;4.500.000,00;;-21.732.815,88;;;
      21);;;02/01/26;Ventas: s/F B  Nş 00003-00001020 - SUTERH;;;;;1.832.527,40;;-23.565.343,28;;;
      22);;;02/01/26;Ventas: s/NC B  Nş 00003-00000052 - OBRA SOCIAL DEL PERSONAL MUNICIPAL DE;;;350.000,00;;;;-23.215.343,28;;;
      23);;;02/01/26;Ventas: s/F B  Nş 00003-00001021 - OBRA SOCIAL DEL PERSONAL MUNICIPAL DE;;;;;350.000,00;;-23.565.343,28;;;
      24);;;02/01/26;Ventas: s/F B  Nş 00003-00001022 - OSPERYH;;;;;27.799.684,95;;-51.365.028,23;;;
      25);;;02/01/26;Ventas: s/F B  Nş 00003-00001023 - OSPERYHRA;;;;;2.000.000,00;;-53.365.028,23;;;
      26);;;02/01/26;Ventas: s/F A  Nş 00003-00000499 - ASSISTENCIAL SALUD S.A.;;;;;308.400,00;;-53.673.428,23;;;
      27);;;02/01/26;Ventas: s/F A  Nş 00003-00000500 - MEDICAL SERVICIOS DE SALUD SRL;;;;;3.625.608,43;;-57.299.036,66;;;
      28);;;02/01/26;Ventas: s/F B  Nş 00003-00001024 - OSPILM;;;;;780.190,39;;-58.079.227,05;;;
      29);;;02/01/26;Ventas: s/F A  Nş 00003-00000501 - ASSISTENCIAL SALUD S.A.;;;;;2.983.979,06;;-61.063.206,11;;;
      30);;;02/01/26;Ventas: s/F A  Nş 00003-00000502 - MEDICAL SERVICIOS DE SALUD SRL;;;;;1.750.125,62;;-62.813.331,73;;;
      31);;;02/01/26;Ventas: s/F B  Nş 00003-00001025 - OSPILM;;;;;5.311.446,58;;-68.124.778,31;;;
      32);;;02/01/26;Ventas: s/NC B  Nş 00003-00000053 - OSPILM;;;780.190,39;;;;-67.344.587,92;;;
      33);;;02/01/26;Ventas: s/NC A  Nş 00003-00000030 - MEDICAL SERVICIOS DE SALUD SRL;;;3.625.608,43;;;;-63.718.979,49;;;
      34);;;02/01/26;Ventas: s/F B  Nş 00003-00001026 - OSPILM;;;;;4.569.638,80;;-68.288.618,29;;;
      105);;;16/01/26;Ventas: s/F A  Nş 00003-00000503 - OSLERA;;;;;125.577,07;;-68.414.195,36;;;
      106);;;16/01/26;Ventas: s/F A  Nş 00003-00000504 - APDIS;;;;;1.850.522,67;;-70.264.718,03;;;
      107);;;16/01/26;Ventas: s/F B  Nş 00003-00001027 - OSPERYHRA;;;;;7.288.689,09;;-77.553.407,12;;;
      108);;;16/01/26;Ventas: s/F B  Nş 00003-00001028 - OSPERYH;;;;;37.003.492,37;;-114.556.899,49;;;
      208);;;01/02/26;Ventas: s/NC A  Nş 00003-00000031 - GEA S.A.;;;1.154.266,37;;;;-113.402.633,12;;;
      219);;;01/02/26;Ventas: s/F A  Nş 00003-00000505 - GEA S.A.;;;;;1.154.266,37;;-114.556.899,49;;;
      220);;;01/02/26;Ventas: s/F B  Nş 00003-00001029 - OS PRENSA ROSARIO;;;;;789.122,29;;-115.346.021,78;;;
      221);;;01/02/26;Ventas: s/F B  Nş 00003-00001030 - OS PRENSA ROSARIO;;;;;881.378,75;;-116.227.400,53;;;
      222);;;01/02/26;Ventas: s/F B  Nş 00003-00001031 - O.S. DEL PER. DEL JOCKEY CLUB DE ROSAR;;;;;2.011.946,57;;-118.239.347,10;;;
      223);;;01/02/26;Ventas: s/F B  Nş 00003-00001032 - O.S. DEL PER. DEL JOCKEY CLUB DE ROSAR;;;;;707.338,61;;-118.946.685,71;;;
      224);;;01/02/26;Ventas: s/F B  Nş 00003-00001033 - OSPERYH;;;;;2.176.126,29;;-121.122.812,00;;;
      225);;;01/02/26;Ventas: s/F B  Nş 00003-00001034 - OSPERYHRA;;;;;458.131,85;;-121.580.943,85;;;
      226);;;01/02/26;Ventas: s/F B  Nş 00003-00001035 - FATERYH;;;;;8.704.505,15;;-130.285.449,00;;;
      227);;;01/02/26;Ventas: s/F B  Nş 00003-00001036 - SUTERH;;;;;1.832.527,40;;-132.117.976,40;;;
      228);;;01/02/26;Ventas: s/F B  Nş 00003-00001037 - OBRA SOCIAL DEL PERSONAL MUNICIPAL DE;;;;;350.000,00;;-132.467.976,40;;;
      229);;;01/02/26;Ventas: s/F B  Nş 00003-00001038 - OBRA SOCIAL DEL PERSONAL MUNICIPAL DE;;;;;4.500.000,00;;-136.967.976,40;;;
      248);;;04/02/26;Ventas: s/F A  Nş 00003-00000506 - ASSISTENCIAL SALUD S.A.;;;;;2.684.932,70;;-139.652.909,10;;;
      249);;;04/02/26;Ventas: s/F A  Nş 00003-00000507 - MEDICAL SERVICIOS DE SALUD SRL;;;;;1.690.087,10;;-141.342.996,20;;;
      250);;;04/02/26;Ventas: s/F A  Nş 00003-00000508 - GEA S.A.;;;;;1.186.585,83;;-142.529.582,03;;;
      251);;;04/02/26;Ventas: s/F B  Nş 00003-00001039 - OSPILM;;;;;5.172.293,21;;-147.701.875,24;;;
      284);;;18/02/26;Ventas: s/F A  Nş 00003-00000509 - OSLERA;;;;;451.235,40;;-148.153.110,64;;;
      285);;;18/02/26;Ventas: s/F A  Nş 00003-00000510 - APDIS;;;;;2.010.195,53;;-150.163.306,17;;;
      286);;;18/02/26;Ventas: s/F A  Nş 00003-00000511 - OSLERA;;;;;451.235,40;;-150.614.541,57;;;
      287);;;18/02/26;Ventas: s/F B  Nş 00003-00001040 - OSPERYH;;;;;41.447.405,38;;-192.061.946,95;;;
      288);;;18/02/26;Ventas: s/F B  Nş 00003-00001041 - OSPERYHRA;;;;;8.372.242,44;;-200.434.189,39;;;
      289);;;18/02/26;Ventas: s/NC A  Nş 00003-00000032 - OSLERA;;;451.235,40;;;;-199.982.953,99;;;
      353);;;01/03/26;Ventas: s/F A  Nş 00003-00000512 - GEA S.A.;;;;;1.218.985,29;;-201.201.939,28;;;
      354);;;01/03/26;Ventas: s/F A  Nş 00003-00000513 - ASSISTENCIAL SALUD S.A.;;;;;3.187.664,97;;-204.389.604,25;;;
      355);;;01/03/26;Ventas: s/F A  Nş 00003-00000514 - MEDICAL SERVICIOS DE SALUD SRL;;;;;2.257.280,48;;-206.646.884,73;;;
      356);;;01/03/26;Ventas: s/F B  Nş 00003-00001042 - OS PRENSA ROSARIO;;;;;868.034,52;;-207.514.919,25;;;
      357);;;01/03/26;Ventas: s/F B  Nş 00003-00001043 - OS PRENSA ROSARIO;;;;;969.516,63;;-208.484.435,88;;;
      358);;;01/03/26;Ventas: s/F B  Nş 00003-00001044 - O.S. DEL PER. DEL JOCKEY CLUB DE ROSAR;;;;;2.213.141,23;;-210.697.577,11;;;
      359);;;01/03/26;Ventas: s/F B  Nş 00003-00001045 - O.S. DEL PER. DEL JOCKEY CLUB DE ROSAR;;;;;778.072,47;;-211.475.649,58;;;
      360);;;01/03/26;Ventas: s/F B  Nş 00003-00001046 - OSPERYH;;;;;2.284.458,12;;-213.760.107,70;;;
      361);;;01/03/26;Ventas: s/F B  Nş 00003-00001047 - OSPERYHRA;;;;;480.938,55;;-214.241.046,25;;;
      362);;;01/03/26;Ventas: s/F B  Nş 00003-00001048 - FATERYH;;;;;9.137.832,48;;-223.378.878,73;;;
      363);;;01/03/26;Ventas: s/F B  Nş 00003-00001049 - SUTERH;;;;;1.923.754,21;;-225.302.632,94;;;
      364);;;01/03/26;Ventas: s/F B  Nş 00003-00001050 - OBRA SOCIAL DEL PERSONAL MUNICIPAL DE;;;;;385.000,00;;-225.687.632,94;;;
      365);;;01/03/26;Ventas: s/F B  Nş 00003-00001051 - OBRA SOCIAL DEL PERSONAL MUNICIPAL DE;;;;;4.950.000,00;;-230.637.632,94;;;
      366);;;01/03/26;Ventas: s/F B  Nş 00003-00001052 - OSPILM;;;;;5.889.404,36;;-236.527.037,30;;;
      445);;;15/03/26;Ventas: s/F A  Nş 00003-00000515 - APDIS;;;;;817.980,89;;-237.345.018,19;;;
      446);;;15/03/26;Ventas: s/F A  Nş 00003-00000516 - OSLERA;;;;;195.936,06;;-237.540.954,25;;;
      447);;;15/03/26;Ventas: s/F B  Nş 00003-00001053 - OSPERYH;;;;;17.523.841,44;;-255.064.795,69;;;
      448);;;15/03/26;Ventas: s/F B  Nş 00003-00001054 - OSPERYHRA;;;;;2.590.779,69;;-257.655.575,38;;;
      527);;;01/04/26;Ventas: s/F A  Nş 00003-00000518 - MEDICAL SERVICIOS DE SALUD SRL;;;;;1.280.068,43;;-258.935.643,81;;;
      528);;;01/04/26;Ventas: s/F A  Nş 00003-00000519 - ASSISTENCIAL SALUD S.A.;;;;;1.221.153,33;;-260.156.797,14;;;
      529);;;01/04/26;Ventas: s/F B  Nş 00003-00001055 - OS PRENSA ROSARIO;;;;;868.034,52;;-261.024.831,66;;;
      530);;;01/04/26;Ventas: s/F B  Nş 00003-00001056 - OS PRENSA ROSARIO;;;;;969.516,63;;-261.994.348,29;;;
      531);;;01/04/26;Ventas: s/F B  Nş 00003-00001057 - O.S. DEL PER. DEL JOCKEY CLUB DE ROSAR;;;;;2.213.141,23;;-264.207.489,52;;;
      532);;;01/04/26;Ventas: s/F B  Nş 00003-00001058 - O.S. DEL PER. DEL JOCKEY CLUB DE ROSAR;;;;;778.072,47;;-264.985.561,99;;;
      533);;;01/04/26;Ventas: s/F B  Nş 00003-00001059 - OSPERYH;;;;;2.284.458,12;;-267.270.020,11;;;
      534);;;01/04/26;Ventas: s/F B  Nş 00003-00001060 - OSPERYHRA;;;;;480.938,55;;-267.750.958,66;;;
      535);;;01/04/26;Ventas: s/F B  Nş 00003-00001062 - SUTERH;;;;;1.923.754,21;;-269.674.712,87;;;
      536);;;01/04/26;Ventas: s/F B  Nş 00003-00001063 - OBRA SOCIAL DEL PERSONAL MUNICIPAL DE;;;;;385.000,00;;-270.059.712,87;;;
      537);;;01/04/26;Ventas: s/F B  Nş 00003-00001064 - OBRA SOCIAL DEL PERSONAL MUNICIPAL DE;;;;;4.950.000,00;;-275.009.712,87;;;
      538);;;01/04/26;Ventas: s/F B  Nş 00003-00001065 - OSPERYH;;;;;9.128.802,95;;-284.138.515,82;;;
      539);;;01/04/26;Ventas: s/F B  Nş 00003-00001066 - OSPERYHRA;;;;;1.081.081,22;;-285.219.597,04;;;
      540);;;01/04/26;Ventas: s/F B  Nş 00003-00001067 - OSPILM;;;;;2.820.278,73;;-288.039.875,77;;;
      541);;;01/04/26;Ventas: s/F A  Nş 00003-00000517 - GEA S.A.;;;;;1.218.985,29;;-289.258.861,06;;;
      542);;;01/04/26;Ventas: s/F B  Nş 00003-00001061 - FATERYH;;;;;9.137.832,48;;-298.396.693,54;;;
      631);;;15/04/26;Ventas: s/F B  Nş 00003-00001068 - OSPERYH;;;;;40.834.686,47;;-339.231.380,01;;;
      632);;;15/04/26;Ventas: s/F B  Nş 00003-00001069 - OSPERYHRA;;;;;5.364.026,79;;-344.595.406,80;;;
      716);;;30/04/26;Ventas: s/F A  Nş 00003-00000520 - APDIS;;;;;2.017.576,20;;-346.612.983,00;;;
      717);;;30/04/26;Ventas: s/F A  Nş 00003-00000521 - OSLERA;;;;;305.706,58;;-346.918.689,58;;;
      740);;;05/05/26;Ventas: s/F A  Nş 00003-00000522 - GEA S.A.;;;;;1.218.985,29;;-348.137.674,87;;;
      741);;;05/05/26;Ventas: s/F A  Nş 00003-00000524 - CAMPSIC;;;;;24.000,00;;-348.161.674,87;;;
      742);;;05/05/26;Ventas: s/F A  Nş 00003-00000525 - MEDICAL SERVICIOS DE SALUD SRL;;;;;175.692,00;;-348.337.366,87;;;
      743);;;05/05/26;Ventas: s/F B  Nş 00003-00001070 - OS PRENSA ROSARIO;;;;;868.034,52;;-349.205.401,39;;;
      744);;;05/05/26;Ventas: s/F B  Nş 00003-00001071 - OS PRENSA ROSARIO;;;;;969.516,63;;-350.174.918,02;;;
      745);;;05/05/26;Ventas: s/F B  Nş 00003-00001072 - O.S. DEL PER. DEL JOCKEY CLUB DE ROSAR;;;;;2.213.141,23;;-352.388.059,25;;;
      746);;;05/05/26;Ventas: s/F B  Nş 00003-00001073 - O.S. DEL PER. DEL JOCKEY CLUB DE ROSAR;;;;;778.072,47;;-353.166.131,72;;;
      747);;;05/05/26;Ventas: s/F B  Nş 00003-00001074 - OSPERYH;;;;;2.284.458,12;;-355.450.589,84;;;
      748);;;05/05/26;Ventas: s/F B  Nş 00003-00001075 - OSPERYHRA;;;;;480.938,55;;-355.931.528,39;;;
      749);;;05/05/26;Ventas: s/F B  Nş 00003-00001076 - FATERYH;;;;;9.137.832,48;;-365.069.360,87;;;
      750);;;05/05/26;Ventas: s/F B  Nş 00003-00001077 - SUTERH;;;;;1.923.754,21;;-366.993.115,08;;;
      751);;;05/05/26;Ventas: s/F B  Nş 00003-00001078 - OBRA SOCIAL DEL PERSONAL MUNICIPAL DE;;;;;385.000,00;;-367.378.115,08;;;
      752);;;05/05/26;Ventas: s/F B  Nş 00003-00001080 - O.S. DEL PER. DEL JOCKEY CLUB DE ROSAR;;;;;119.504,50;;-367.497.619,58;;;
      753);;;05/05/26;Ventas: s/F B  Nş 00003-00001081 - OSBARA;;;;;33.975,00;;-367.531.594,58;;;
      754);;;05/05/26;Ventas: s/F B  Nş 00003-00001082 - OSPERYH;;;;;6.669.114,57;;-374.200.709,15;;;
      755);;;05/05/26;Ventas: s/F B  Nş 00003-00001083 - OSPERYHRA;;;;;7.380.161,02;;-381.580.870,17;;;
      756);;;05/05/26;Ventas: s/F A  Nş 00003-00000526 - MEDICAL SERVICIOS DE SALUD SRL;;;;;2.730.525,15;;-384.311.395,32;;;
      757);;;05/05/26;Ventas: s/F A  Nş 00003-00000527 - ASSISTENCIAL SALUD S.A.;;;;;2.598.514,76;;-386.909.910,08;;;
      758);;;05/05/26;Ventas: s/F A  Nş 00003-00000528 - APDIS;;;;;2.361.520,86;;-389.271.430,94;;;
      759);;;05/05/26;Ventas: s/F A  Nş 00003-00000529 - OSLERA;;;;;317.489,97;;-389.588.920,91;;;
      760);;;05/05/26;Ventas: s/F B  Nş 00003-00001084 - OSPILM;;;;;5.755.219,70;;-395.344.140,61;;;
      761);;;05/05/26;Ventas: s/F A  Nş 00003-00000523 - APDIS;;;;;380.380,00;;-395.724.520,61;;;
      765);;;05/05/26;Ventas: s/F B  Nş 00003-00001085 - OSPERYH;;;;;50.680.488,88;;-446.405.009,49;;;
      766);;;05/05/26;Ventas: s/F B  Nş 00003-00001079 - OBRA SOCIAL DEL PERSONAL MUNICIPAL DE;;;;;4.950.000,00;;-451.355.009,49;;;
      781);;;08/05/26;Ventas: s/NC A  Nş 00003-00000033 - APDIS;;;2.361.520,86;;;;-448.993.488,63;;;
      782);;;08/05/26;Ventas: s/NC A  Nş 00003-00000034 - OSLERA;;;317.489,97;;;;-448.675.998,66;;;
      783);;;08/05/26;Ventas: s/NC B  Nş 00003-00000054 - OSPERYH;;;50.680.488,88;;;;-397.995.509,78;;;
      804);;;15/05/26;Ventas: s/F B  Nş 00003-00001086 - OSPERYHRA;;;;;7.719.133,16;;-405.714.642,94;;;
      805);;;15/05/26;Ventas: s/F A  Nş 00003-00000530 - APDIS;;;;;2.361.520,86;;-408.076.163,80;;;
      806);;;15/05/26;Ventas: s/F A  Nş 00003-00000531 - OSLERA;;;;;317.489,97;;-408.393.653,77;;;
      807);;;15/05/26;Ventas: s/F B  Nş 00003-00001087 - OSPERYH;;;;;50.680.488,88;;-459.074.142,65;;;
      817);;;01/06/26;Ventas: s/F A  Nş 00003-00000532 - GEA S.A.;;;;;1.330.644,34;;-460.404.786,99;;;
      818);;;01/06/26;Ventas: s/F A  Nş 00003-00000533 - APDIS;;;;;73.960,00;;-460.478.746,99;;;
      819);;;01/06/26;Ventas: s/F A  Nş 00003-00000534 - CAMPSIC;;;;;28.800,00;;-460.507.546,99;;;
      820);;;01/06/26;Ventas: s/F A  Nş 00003-00000535 - OMINT S.A.;;;;;744.000,00;;-461.251.546,99;;;
      821);;;01/06/26;Ventas: s/F A  Nş 00003-00000536 - MEDICAL SERVICIOS DE SALUD SRL;;;;;227.714,41;;-461.479.261,40;;;
      822);;;01/06/26;Ventas: s/F A  Nş 00003-00000537 - MEDICAL SERVICIOS DE SALUD SRL;;;;;3.640.173,63;;-465.119.435,03;;;
      823);;;01/06/26;Ventas: s/F A  Nş 00003-00000538 - ASSISTENCIAL SALUD S.A.;;;;;3.959.705,86;;-469.079.140,89;;;
      824);;;01/06/26;Ventas: s/F B  Nş 00003-00001088 - OS PRENSA ROSARIO;;;;;954.837,97;;-470.033.978,86;;;
      825);;;01/06/26;Ventas: s/F B  Nş 00003-00001089 - OS PRENSA ROSARIO;;;;;1.066.468,29;;-471.100.447,15;;;
      826);;;01/06/26;Ventas: s/F B  Nş 00003-00001090 - OSPERYH;;;;;2.417.185,14;;-473.517.632,29;;;
      827);;;01/06/26;Ventas: s/F B  Nş 00003-00001091 - OSPERYHRA;;;;;508.881,08;;-474.026.513,37;;;
      828);;;01/06/26;Ventas: s/F B  Nş 00003-00001092 - FATERYH;;;;;9.668.740,55;;-483.695.253,92;;;
      829);;;01/06/26;Ventas: s/F B  Nş 00003-00001093 - SUTERH;;;;;2.035.524,33;;-485.730.778,25;;;
      830);;;01/06/26;Ventas: s/F B  Nş 00003-00001094 - OBRA SOCIAL DEL PERSONAL MUNICIPAL DE;;;;;420.266,00;;-486.151.044,25;;;
      831);;;01/06/26;Ventas: s/F B  Nş 00003-00001095 - OBRA SOCIAL DEL PERSONAL MUNICIPAL DE;;;;;5.403.420,00;;-491.554.464,25;;;
      832);;;01/06/26;Ventas: s/F B  Nş 00003-00001096 - OSBARA;;;;;41.970,00;;-491.596.434,25;;;
      833);;;01/06/26;Ventas: s/F B  Nş 00003-00001097 - OSPERYH;;;;;26.286.850,00;;-517.883.284,25;;;
      834);;;01/06/26;Ventas: s/F B  Nş 00003-00001098 - OSPERYHRA;;;;;465.900,00;;-518.349.184,25;;;
      835);;;01/06/26;Ventas: s/F B  Nş 00003-00001099 - OSPILM;;;;;7.765.982,98;;-526.115.167,23;;;
      836);;;01/06/26;Ventas: s/NC B  Nş 00003-00000055 - OMINT S.A.;;;74.400,00;;;;-526.040.767,23;;;
      837);;;01/06/26;Ventas: s/F A  Nş 00003-00000539 - OMINT S.A.;;;;;74.400,00;;-526.115.167,23;;;
      838);;;01/06/26;Ventas: s/NC A  Nş 00003-00000035 - OMINT S.A.;;;744.000,00;;;;-525.371.167,23;;;
      839);;;01/06/26;Ventas: s/F B  Nş 00003-00001100 - O.S. DEL PER. DEL JOCKEY CLUB DE ROSAR;;;;;2.434.455,35;;-527.805.622,58;;;
      840);;;01/06/26;Ventas: s/F B  Nş 00003-00001101 - O.S. DEL PER. DEL JOCKEY CLUB DE ROSAR;;;;;855.879,72;;-528.661.502,30;;;
      841);;;01/06/26;Ventas: s/F B  Nş 00003-00001102 - O.S. DEL PER. DEL JOCKEY CLUB DE ROSAR;;;;;26.470,86;;-528.687.973,16;;;
      842);;;01/06/26;Ventas: s/F B  Nş 00003-00001103 - OMINT S.A.;;;;;74.400,00;;-528.762.373,16;;;
      843);;;01/06/26;Ventas: s/NC A  Nş 00003-00000036 - OMINT S.A.;;;74.400,00;;;;-528.687.973,16;;;
      844);;;01/06/26;Ventas: s/F A  Nş 00003-00000540 - OMINT S.A.;;;;;1.033.600,00;;-529.721.573,16;;;
;;;;;;;60.613.600,30;;590.335.173,46;;;;;
;;;;;;;;;;;;;;
04.01.02 - OTROS INGRESOS (R);;;;;;;;;;;;;;
Asiento Nş;;;Fecha;Concepto;;;Debe;;Haber;;Saldo;;;
      10);;;01/01/26;Reversion Prevision P/Despidos;;;;;51.834.931,35;;-51.834.931,35;;;
;;;;;;;0,00;;51.834.931,35;;;;;
;;;;;;;;;;;;;;
04.02.02.03 - SUELDOS (R);;;;;;;;;;;;;;
Asiento Nş;;;Fecha;Concepto;;;Debe;;Haber;;Saldo;;;
      61);;;02/01/26;Sueldos a pagar;;;6.784.567,91;;;;6.784.567,91;;;
      198);;;31/01/26;Devengamiento Sueldos Enero 2026;;;22.239.726,74;;;;29.024.294,65;;;
      344);;;28/02/26;Devengamiento Sueldos Febrero 2026;;;22.669.672,95;;;;51.693.967,60;;;
      521);;;31/03/26;Devengamiento Sueldos Marzo 2026;;;22.472.540,08;;;;74.166.507,68;;;
      715);;;30/04/26;Devengamiento Sueldos Abril 2026;;;22.706.380,15;;;;96.872.887,83;;;
;;;;;;;96.872.887,83;;0,00;;;;;
;;;;;;;;;;;;;;
04.02.02.08 - GASTOS DE TELEFONO (R);;;;;;;;;;;;;;
Asiento Nş;;;Fecha;Concepto;;;Debe;;Haber;;Saldo;;;
      175);;;28/01/26;Compras: s/F A  Nş -00211440 - TELEFONICA MOVILES ARGENT;;;122.614,53;;;;122.614,53;;;
      337);;;28/02/26;Compras: s/F A  Nş -00217648 - TELEFONICA MOVILES ARGENT;;;127.500,74;;;;250.115,27;;;
      492);;;28/03/26;Compras: s/F A  Nş -00224458 - TELEFONICA MOVILES ARGENT;;;147.362,36;;;;397.477,63;;;
      677);;;28/04/26;Compras: s/F A  Nş -00227019 - TELEFONICA MOVILES ARGENT;;;151.254,66;;;;548.732,29;;;
;;;;;;;548.732,29;;0,00;;;;;
;;;;;;;;;;;;;;
04.02.02.10 - GASTOS DE LIBRERIA (R);;;;;;;;;;;;;;
Asiento Nş;;;Fecha;Concepto;;;Debe;;Haber;;Saldo;;;
      520);;;31/03/26;Insumos de Libreria;;;34.492,80;;;;34.492,80;;;
;;;;;;;34.492,80;;0,00;;;;;
;;;;;;;;;;;;;;
04.02.02.18 - GASTOS DE OFICINA (R);;;;;;;;;;;;;;
Asiento Nş;;;Fecha;Concepto;;;Debe;;Haber;;Saldo;;;
      67);;;05/01/26;Tarjeta de Credito Visa;;;681.357,88;;;;681.357,88;;;
      243);;;02/02/26;Tarjeta de Credito Visa;;;165.160,65;;;;846.518,53;;;
      385);;;02/03/26;Tarjeta de Credito Visa;;;129.572,10;;;;976.090,63;;;
      487);;;26/03/26;Compras: s/F A  Nş -00044516 - DINAMICA COMERCIAL  SRL;;;15.702,48;;;;991.793,11;;;
      596);;;06/04/26;Tarjeta de Credito Visa;;;180.107,12;;;;1.171.900,23;;;
      739);;;04/05/26;Tarjeta de Credito Visa;;;90.059,87;;;;1.261.960,10;;;
      769);;;06/05/26;Compras: s/F A  Nş -00044953 - DINAMICA COMERCIAL  SRL;;;17.355,37;;;;1.279.315,47;;;
      799);;;12/05/26;Compras: s/F A  Nş -00051342 - SANTA FE COMERCIAL SOCIEDAD DE RESPONSAB;;;13.152,00;;;;1.292.467,47;;;
;;;;;;;1.292.467,47;;0,00;;;;;
;;;;;;;;;;;;;;
04.02.02.23 - GASTOS DE ASESORAMIENTO ORG. (R);;;;;;;;;;;;;;
Asiento Nş;;;Fecha;Concepto;;;Debe;;Haber;;Saldo;;;
      435);;;12/03/26;Compras: s/NC A  Nş -00000102 - LOPEZ FERNANDO ANDRES;;;;;672.400,00;;-672.400,00;;;
      436);;;12/03/26;Compras: s/NC A  Nş -00000103 - LOPEZ FERNANDO ANDRES;;;;;698.000,00;;-1.370.400,00;;;
      437);;;12/03/26;Compras: s/NC A  Nş -00000104 - LOPEZ FERNANDO ANDRES;;;;;698.000,00;;-2.068.400,00;;;
;;;;;;;0,00;;2.068.400,00;;;;;
;;;;;;;;;;;;;;
04.02.02.26 - CONTRIBUCIONES (R);;;;;;;;;;;;;;
Asiento Nş;;;Fecha;Concepto;;;Debe;;Haber;;Saldo;;;
      198);;;31/01/26;Devengamiento Sueldos Enero 2026;;;5.059.703,05;;;;5.059.703,05;;;
      344);;;28/02/26;Devengamiento Sueldos Febrero 2026;;;5.154.722,63;;;;10.214.425,68;;;
      521);;;31/03/26;Devengamiento Sueldos Marzo 2026;;;5.052.854,17;;;;15.267.279,85;;;
      715);;;30/04/26;Devengamiento Sueldos Abril 2026;;;5.127.839,18;;;;20.395.119,03;;;
;;;;;;;20.395.119,03;;0,00;;;;;
;;;;;;;;;;;;;;
04.02.02.27 - ART (R);;;;;;;;;;;;;;
Asiento Nş;;;Fecha;Concepto;;;Debe;;Haber;;Saldo;;;
      198);;;31/01/26;Devengamiento Sueldos Enero 2026;;;803.543,52;;;;803.543,52;;;
      344);;;28/02/26;Devengamiento Sueldos Febrero 2026;;;818.576,17;;;;1.622.119,69;;;
      521);;;31/03/26;Devengamiento Sueldos Marzo 2026;;;803.787,26;;;;2.425.906,95;;;
      715);;;30/04/26;Devengamiento Sueldos Abril 2026;;;823.997,89;;;;3.249.904,84;;;
;;;;;;;3.249.904,84;;0,00;;;;;
;;;;;;;;;;;;;;
04.02.02.28 - SEGURO DE VIDA OBLIGATORIO (R);;;;;;;;;;;;;;
Asiento Nş;;;Fecha;Concepto;;;Debe;;Haber;;Saldo;;;
      198);;;31/01/26;Devengamiento Sueldos Enero 2026;;;4.028,16;;;;4.028,16;;;
      344);;;28/02/26;Devengamiento Sueldos Febrero 2026;;;4.028,16;;;;8.056,32;;;
      521);;;31/03/26;Devengamiento Sueldos Marzo 2026;;;5.107,44;;;;13.163,76;;;
      715);;;30/04/26;Devengamiento Sueldos Abril 2026;;;5.107,44;;;;18.271,20;;;
;;;;;;;18.271,20;;0,00;;;;;
;;;;;;;;;;;;;;
04.02.02.29 - SINDICATO (R);;;;;;;;;;;;;;
Asiento Nş;;;Fecha;Concepto;;;Debe;;Haber;;Saldo;;;
      117);;;16/01/26;Pago de Deuda Sindical Inacap;;;279.804,98;;;;279.804,98;;;
      198);;;31/01/26;Devengamiento Sueldos Enero 2026;;;137.789,70;;;;417.594,68;;;
      344);;;28/02/26;Devengamiento Sueldos Febrero 2026;;;137.789,70;;;;555.384,38;;;
      521);;;31/03/26;Devengamiento Sueldos Marzo 2026;;;137.789,70;;;;693.174,08;;;
      715);;;30/04/26;Devengamiento Sueldos Abril 2026;;;137.789,70;;;;830.963,78;;;
;;;;;;;830.963,78;;0,00;;;;;
;;;;;;;;;;;;;;
04.02.02.32 - SERVICIOS DIGITALES (R);;;;;;;;;;;;;;
Asiento Nş;;;Fecha;Concepto;;;Debe;;Haber;;Saldo;;;
      39);;;02/01/26;Compras: s/F A  Nş -00025183 - MINDER S A;;;45.239,93;;;;45.239,93;;;
      174);;;28/01/26;Compras: s/F A  Nş -00004173 - CONTATECH;;;30.000,00;;;;75.239,93;;;
      190);;;31/01/26;Compras: s/F A  Nş -00005793 - GOLAWARE S.R.L.;;;617.400,00;;;;692.639,93;;;
      235);;;02/02/26;Compras: s/F A  Nş -00026325 - MINDER S A;;;46.506,65;;;;739.146,58;;;
      315);;;24/02/26;Compras: s/F A  Nş -00004751 - CONTATECH;;;33.000,00;;;;772.146,58;;;
      335);;;28/02/26;Compras: s/F A  Nş -00006029 - GOLAWARE S.R.L.;;;606.900,00;;;;1.379.046,58;;;
      379);;;02/03/26;Compras: s/F A  Nş -00027509 - MINDER S A;;;47.855,34;;;;1.426.901,92;;;
      503);;;31/03/26;Compras: s/F A  Nş -00006272 - GOLAWARE S.R.L.;;;606.900,00;;;;2.033.801,92;;;
      588);;;06/04/26;Compras: s/F A  Nş -00029025 - MINDER S A;;;49.243,15;;;;2.083.045,07;;;
      685);;;28/04/26;Compras: s/F A  Nş -00006295 - CONTATECH;;;33.000,00;;;;2.116.045,07;;;
      711);;;30/04/26;Compras: s/F A  Nş -00006557 - GOLAWARE S.R.L.;;;606.900,00;;;;2.722.945,07;;;
      732);;;04/05/26;Compras: s/F A  Nş -00030317 - MINDER S A;;;50.917,41;;;;2.773.862,48;;;
;;;;;;;2.773.862,48;;0,00;;;;;
;;;;;;;;;;;;;;
04.02.02.33 - BENEFICIOS AL PERSONAL (R);;;;;;;;;;;;;;
Asiento Nş;;;Fecha;Concepto;;;Debe;;Haber;;Saldo;;;
      41);;;02/01/26;Pago Autonomos Socio Gerente;;;122.460,30;;;;122.460,30;;;
      91);;;12/01/26;Beneficio Soledad Pascale;;;204.378,66;;;;326.838,96;;;
      110);;;16/01/26;Beneficio Soledad Pascale;;;119.242,36;;;;446.081,32;;;
      129);;;19/01/26;Por Beneficios al personal;;;177.039,85;;;;623.121,17;;;
      148);;;21/01/26;Beneficios al personal;;;1.456.660,50;;;;2.079.781,67;;;
      153);;;22/01/26;Compras: s/F A  Nş -00010321 - NUBI S.A.;;;54.624,77;;;;2.134.406,44;;;
      241);;;02/02/26;Pago Autonomos Socio Gerente;;;125.485,06;;;;2.259.891,50;;;
      276);;;13/02/26;Compras: s/F A  Nş -00010690 - NUBI S.A.;;;36.416,51;;;;2.296.308,01;;;
      277);;;13/02/26;Beneficios al personal;;;971.107,00;;;;3.267.415,01;;;
      290);;;18/02/26;Beneficio Soledad Pascale;;;119.242,36;;;;3.386.657,37;;;
      325);;;25/02/26;Beneficio Soledad Pascale;;;67.245,13;;;;3.453.902,50;;;
      416);;;09/03/26;Compras: s/F A  Nş -00011035 - NUBI S.A.;;;1.201,86;;;;3.455.104,36;;;
      433);;;12/03/26;Compras: s/F A  Nş -00011087 - NUBI S.A.;;;37.500,00;;;;3.492.604,36;;;
      439);;;12/03/26;Beneficios al personal;;;1.000.000,00;;;;4.492.604,36;;;
      449);;;16/03/26;Beneficio Soledad Pascale;;;119.242,36;;;;4.611.846,72;;;
      479);;;25/03/26;Beneficios al personal;;;201.409,34;;;;4.813.256,06;;;
      504);;;31/03/26;Compras: s/F A  Nş -00011241 - NUBI S.A.;;;1.342,98;;;;4.814.599,04;;;
      613);;;09/04/26;Pago Autonomos Socio Gerente;;;132.778,36;;;;4.947.377,40;;;
      628);;;14/04/26;Beneficios al personal;;;1.000.000,00;;;;5.947.377,40;;;
      635);;;16/04/26;Compras: s/F A  Nş -00011544 - NUBI S.A.;;;37.500,00;;;;5.984.877,40;;;
      636);;;16/04/26;Beneficio Soledad Pascale;;;119.242,36;;;;6.104.119,76;;;
;;;;;;;6.104.119,76;;0,00;;;;;
;;;;;;;;;;;;;;
04.02.02.34 - GASTOS PREPAGAS (R);;;;;;;;;;;;;;
Asiento Nş;;;Fecha;Concepto;;;Debe;;Haber;;Saldo;;;
      85);;;09/01/26;Gasto Personal OSDE;;;1.391.614,39;;;;1.391.614,39;;;
      92);;;12/01/26;Gastos de Prepaga Swiss 2026/01;;;97.343,07;;;;1.488.957,46;;;
      159);;;23/01/26;Compras: s/F A  Nş -00237670 - GALENO ARGENTINA SOCIEDAD ANONIMA;;;104.024,53;;;;1.592.981,99;;;
      159);;;23/01/26;Compras: s/F A  Nş -00237670 - GALENO ARGENTINA SOCIEDAD ANONIMA;;;2.080,49;;;;1.595.062,48;;;
      164);;;23/01/26;Gasto Personal;;;111.792,98;;;;1.706.855,46;;;
      262);;;06/02/26;Gasto Personal OSDE;;;768.368,29;;;;2.475.223,75;;;
      269);;;10/02/26;Gastos de Prepaga Swiss 2026/02;;;106.545,95;;;;2.581.769,70;;;
      274);;;11/02/26;Gasto Personal OSDE;;;1.185.610,09;;;;3.767.379,79;;;
      296);;;20/02/26;Compras: s/F A  Nş -00239422 - GALENO ARGENTINA SOCIEDAD ANONIMA;;;165.962,62;;;;3.933.342,41;;;
      296);;;20/02/26;Compras: s/F A  Nş -00239422 - GALENO ARGENTINA SOCIEDAD ANONIMA;;;3.319,25;;;;3.936.661,66;;;
      327);;;25/02/26;Gasto Personal;;;145.874,59;;;;4.082.536,25;;;
      398);;;04/03/26;Gasto Personal;;;32.049,73;;;;4.114.585,98;;;
      426);;;10/03/26;Gastos de Prepaga Swiss 2026/03;;;111.775,35;;;;4.226.361,33;;;
      438);;;12/03/26;Gasto Personal;;;35.812,90;;;;4.262.174,23;;;
      488);;;26/03/26;Compras: s/F A  Nş -00241398 - GALENO ARGENTINA SOCIEDAD ANONIMA;;;172.797,69;;;;4.434.971,92;;;
      488);;;26/03/26;Compras: s/F A  Nş -00241398 - GALENO ARGENTINA SOCIEDAD ANONIMA;;;3.455,95;;;;4.438.427,87;;;
      619);;;10/04/26;Gastos de Prepaga Swiss 2026/04;;;62.694,25;;;;4.501.122,12;;;
      658);;;23/04/26;Compras: s/F A  Nş -00243553 - GALENO ARGENTINA SOCIEDAD ANONIMA;;;176.875,68;;;;4.677.997,80;;;
      658);;;23/04/26;Compras: s/F A  Nş -00243553 - GALENO ARGENTINA SOCIEDAD ANONIMA;;;3.537,51;;;;4.681.535,31;;;
      792);;;11/05/26;Gastos de Prepaga;;;232.389,00;;;;4.913.924,31;;;
      812);;;26/05/26;Compras: s/F A  Nş -00245325 - GALENO ARGENTINA SOCIEDAD ANONIMA;;;188.839,80;;;;5.102.764,11;;;
      812);;;26/05/26;Compras: s/F A  Nş -00245325 - GALENO ARGENTINA SOCIEDAD ANONIMA;;;3.776,80;;;;5.106.540,91;;;
;;;;;;;5.106.540,91;;0,00;;;;;
;;;;;;;;;;;;;;
04.02.03.01 - INGRESOS BRUTOS (R);;;;;;;;;;;;;;
Asiento Nş;;;Fecha;Concepto;;;Debe;;Haber;;Saldo;;;
      197);;;31/01/26;Devengamiento IIBB Enero 2026;;;1.351.553,76;;;;1.351.553,76;;;
      343);;;28/02/26;Devengamiento IIBB Febrero 2026;;;1.007.865,13;;;;2.359.418,89;;;
      523);;;31/03/26;Devengamiento IIBB Marzo 2026;;;680.427,36;;;;3.039.846,25;;;
;;;;;;;3.039.846,25;;0,00;;;;;
;;;;;;;;;;;;;;
04.02.03.02 - GASTOS MOVILIDAD Y FLETES (R);;;;;;;;;;;;;;
Asiento Nş;;;Fecha;Concepto;;;Debe;;Haber;;Saldo;;;
      125);;;19/01/26;Compras: s/F C  Nş -00000669 - ALLER ROCIO BELEN;;;35.000,00;;;;35.000,00;;;
;;;;;;;35.000,00;;0,00;;;;;
;;;;;;;;;;;;;;
04.02.03.03 - GASTOS VARIOS (R);;;;;;;;;;;;;;
Asiento Nş;;;Fecha;Concepto;;;Debe;;Haber;;Saldo;;;
      572);;;01/04/26;Compras: s/F A  Nş -00004118 - CRAVERO NEGOCIOS S.A.;;;10.000,00;;;;10.000,00;;;
      573);;;01/04/26;Compras: s/F A  Nş -00004119 - CRAVERO NEGOCIOS S.A.;;;12.418,60;;;;22.418,60;;;
      797);;;12/05/26;Cierre de Cuenta Galicia-Decision Comercial Galicia;;;;;9,00;;22.409,60;;;
;;;;;;;22.418,60;;9,00;;;;;
;;;;;;;;;;;;;;
04.02.03.05 - GASTOS BANCARIOS (R);;;;;;;;;;;;;;
Asiento Nş;;;Fecha;Concepto;;;Debe;;Haber;;Saldo;;;
      45);;;02/01/26;Compras: s/OC  Nş -00215625 - BANCO DE LA CIUDAD DE BUENOS AIRES;;;2.735,01;;;;2.735,01;;;
      46);;;02/01/26;Compras: s/OC  Nş -04001678 - BANCO DE LA CIUDAD DE BUENOS AIRES;;;513.724,78;;;;516.459,79;;;
      64);;;05/01/26;Compras: s/OC  Nş -72110420 - BANCO SANTANDER RIO SA;;;4.332,91;;;;520.792,70;;;
      144);;;20/01/26;Pago Prestamo Macro-Cuota 9;;;3.072,45;;;;523.865,15;;;
      158);;;23/01/26;Cobros: s/ Rec. Nş2106 - GEA S.A.;;;7.618,16;;;;531.483,31;;;
      192);;;31/01/26;Gastos y Comisiones Bancarias-Santander;;;622.219,46;;;;1.153.702,77;;;
      192);;;31/01/26;(Sellos) Gastos y Comisiones Bancarias-Santander;;;18.611,60;;;;1.172.314,37;;;
      199);;;31/01/26;Gastos y Comisiones Bancarias-Banco Ciudad;;;53.341,32;;;;1.225.655,69;;;
      199);;;31/01/26;(Sellos) Gastos y Comisiones Bancarias-Banco Ciudad;;;53,07;;;;1.225.708,76;;;
      200);;;31/01/26;Compras: s/OC  Nş -31012026 - BANCO MACRO CTA CTE;;;53.700,00;;;;1.279.408,76;;;
      201);;;31/01/26;(Sellos) Gastos Bancarios Banco Frances;;;46,44;;;;1.279.455,20;;;
      203);;;31/01/26;(Sellos) Gastos Bancarios Banco Galicia;;;43,65;;;;1.279.498,85;;;
      206);;;31/01/26;(sellos) Gastos Bancarios - Banco Macro;;;39,70;;;;1.279.538,55;;;
      230);;;01/02/26;Compras: s/OC  Nş -73031720 - BANCO SANTANDER RIO SA;;;11.565,87;;;;1.291.104,42;;;
      231);;;01/02/26;Compras: s/OC  Nş -82817110 - BANCO SANTANDER RIO SA;;;12.572,40;;;;1.303.676,82;;;
      232);;;01/02/26;Compras: s/OC  Nş -08660637 - BANCO SANTANDER RIO SA;;;6.122,02;;;;1.309.798,84;;;
      233);;;01/02/26;Compras: s/OC  Nş -08976493 - BANCO SANTANDER RIO SA;;;21.272,51;;;;1.331.071,35;;;
      245);;;03/02/26;Compras: s/OC  Nş -72110421 - BANCO SANTANDER RIO SA;;;3.473,13;;;;1.334.544,48;;;
      259);;;06/02/26;Compras: s/OC  Nş -08976494 - BANCO SANTANDER RIO SA;;;20.646,85;;;;1.355.191,33;;;
      265);;;09/02/26;Compras: s/OC  Nş -86606308 - BANCO SANTANDER RIO SA;;;5.195,18;;;;1.360.386,51;;;
      291);;;18/02/26;Compras: s/OC  Nş -82817111 - BANCO SANTANDER RIO SA;;;12.037,85;;;;1.372.424,36;;;
      303);;;20/02/26;Cobros: s/ Rec. Nş200010018 - GEA S.A.;;;9.217,97;;;;1.381.642,33;;;
      329);;;25/02/26;Pago Prestamo Macro-Cuota 10;;;17.654,58;;;;1.399.296,91;;;
      341);;;28/02/26;Gastos y Comisiones Bancarias-Santander;;;160.115,00;;;;1.559.411,91;;;
      341);;;28/02/26;(Sellos) Gastos y Comisiones Bancarias-Santander;;;11.485,57;;;;1.570.897,48;;;
      345);;;28/02/26;Gastos y Comisiones Bancarias-Banco Ciudad;;;53.341,32;;;;1.624.238,80;;;
      345);;;28/02/26;(Sellos) Gastos y Comisiones Bancarias-Banco Ciudad;;;31,43;;;;1.624.270,23;;;
      346);;;28/02/26;(Sellos) Gastos Bancarios Banco Frances;;;12,39;;;;1.624.282,62;;;
      348);;;28/02/26;(Sellos) Gastos Bancarios Banco Galicia;;;38,09;;;;1.624.320,71;;;
      350);;;28/02/26;(sellos) Gastos Bancarios - Banco Macro;;;11,47;;;;1.624.332,18;;;
      351);;;28/02/26;Compras: s/OC  Nş -00202602 - BANCO MACRO CTA CTE;;;60.052,89;;;;1.684.385,07;;;
      382);;;02/03/26;Compras: s/OC  Nş -0003910073031702 - BANCO SANTANDER RIO SA;;;9.556,57;;;;1.693.941,64;;;
      386);;;03/03/26;Compras: s/OC  Nş -0003910072110402 - BANCO SANTANDER RIO SA;;;2.391,83;;;;1.696.333,47;;;
      408);;;06/03/26;Compras: s/OC  Nş -0003910089764903 - BANCO SANTANDER RIO SA;;;18.083,65;;;;1.714.417,12;;;
      418);;;09/03/26;Compras: s/OC  Nş -0003910086606303 - BANCO SANTANDER RIO SA;;;3.823,18;;;;1.718.240,30;;;
      444);;;14/03/26;Compras: s/OC  Nş -0003910082817103 - BANCO SANTANDER RIO SA;;;10.186,83;;;;1.728.427,13;;;
      466);;;20/03/26;Gastos y Comisiones Bancarias-Santander;;;149.395,00;;;;1.877.822,13;;;
      466);;;20/03/26;(Sellos) Gastos y Comisiones Bancarias-Santander;;;12.309,65;;;;1.890.131,78;;;
      469);;;20/03/26;Cobros: s/ Rec. Nş200010038 - GEA S.A.;;;9.734,82;;;;1.899.866,60;;;
      484);;;25/03/26;Pago Prestamo Macro-Cuota 11;;;1.588,74;;;;1.901.455,34;;;
      493);;;30/03/26;Compras: s/OC  Nş -0003910072110403 - BANCO SANTANDER RIO SA;;;1.563,29;;;;1.903.018,63;;;
      494);;;30/03/26;Compras: s/OC  Nş -0003910073031703 - BANCO SANTANDER RIO SA;;;6.622,28;;;;1.909.640,91;;;
      501);;;31/03/26;Gastos y Comisiones Bancarias-Santander;;;94.980,00;;;;2.004.620,91;;;
      501);;;31/03/26;(Sellos) Gastos y Comisiones Bancarias-Santander;;;1.943,23;;;;2.006.564,14;;;
      513);;;31/03/26;(Sellos) Gastos Bancarios Banco Galicia;;;14,31;;;;2.006.578,45;;;
      515);;;31/03/26;Gastos y Comisiones Bancarias-Banco Ciudad;;;72.420,82;;;;2.078.999,27;;;
      515);;;31/03/26;(Sellos) Gastos y Comisiones Bancarias-Banco Ciudad;;;15,44;;;;2.079.014,71;;;
      516);;;31/03/26;(sellos) Gastos Bancarios - Banco Macro;;;13,87;;;;2.079.028,58;;;
      517);;;31/03/26;Compras: s/OC  Nş -00202603 - BANCO MACRO CTA CTE;;;61.387,61;;;;2.140.416,19;;;
      576);;;01/04/26;Compras: s/OC  Nş -00202601 - BANCO BBVA ARGENTINA;;;59.000,00;;;;2.199.416,19;;;
      577);;;01/04/26;Compras: s/OC  Nş -00202602 - BANCO BBVA ARGENTINA;;;59.000,00;;;;2.258.416,19;;;
      578);;;01/04/26;Compras: s/OC  Nş -00202603 - BANCO BBVA ARGENTINA;;;59.000,00;;;;2.317.416,19;;;
      579);;;01/04/26;Compras: s/OC  Nş -00202603 - BANCO GALICIA;;;95.000,00;;;;2.412.416,19;;;
      580);;;01/04/26;Compras: s/OC  Nş -00202602 - BANCO GALICIA;;;62.148,00;;;;2.474.564,19;;;
      581);;;01/04/26;Compras: s/OC  Nş -00202601 - BANCO GALICIA;;;55.000,00;;;;2.529.564,19;;;
      592);;;06/04/26;Compras: s/OC  Nş -0003910089764906 - BANCO SANTANDER RIO SA;;;19.395,53;;;;2.548.959,72;;;
      609);;;09/04/26;Compras: s/OC  Nş -0003910086606310 - BANCO SANTANDER RIO SA;;;3.233,54;;;;2.552.193,26;;;
      626);;;14/04/26;Compras: s/OC  Nş -0003910082817113 - BANCO SANTANDER RIO SA;;;10.483,03;;;;2.562.676,29;;;
      653);;;23/04/26;Cobros: s/ Rec. Nş200010054 - GEA S.A.;;;8.045,30;;;;2.570.721,59;;;
      681);;;28/04/26;Compras: s/OC  Nş -0003910073031723 - BANCO SANTANDER RIO SA;;;4.838,05;;;;2.575.559,64;;;
      692);;;30/04/26;(Sellos) Gastos Bancarios Banco Galicia;;;18,91;;;;2.575.578,55;;;
      693);;;30/04/26;Compras: s/OC  Nş -00202604 - BANCO BBVA ARGENTINA;;;62.900,00;;;;2.638.478,55;;;
      694);;;30/04/26;Compras: s/OC  Nş -00202604 - BANCO GALICIA;;;60.000,00;;;;2.698.478,55;;;
      696);;;30/04/26;Gastos y Comisiones Bancarias-Banco Ciudad;;;53.341,32;;;;2.751.819,87;;;
      696);;;30/04/26;(Sellos) Gastos y Comisiones Bancarias-Banco Ciudad;;;17,92;;;;2.751.837,79;;;
      697);;;30/04/26;(sellos) Gastos Bancarios - Banco Macro;;;2,52;;;;2.751.840,31;;;
      698);;;30/04/26;Compras: s/OC  Nş -00202604 - BANCO MACRO CTA CTE;;;60.052,89;;;;2.811.893,20;;;
      700);;;30/04/26;Compras: s/OC  Nş -00202604 - BANCO SANTANDER RIO SA;;;263.915,00;;;;3.075.808,20;;;
      701);;;30/04/26;(Sellos) Gastos Bancarios Santander;;;12.058,04;;;;3.087.866,24;;;
      735);;;04/05/26;(Sellos) Movimientos Banco Ciudad;;;37,99;;;;3.087.904,23;;;
      736);;;04/05/26;(Sellos) Movimientos Banco Macro;;;16,00;;;;3.087.920,23;;;
      737);;;04/05/26;Movimientos Banco Galicia;;;60.000,00;;;;3.147.920,23;;;
      738);;;04/05/26;movimientos Banco Frances;;;59.950,00;;;;3.207.870,23;;;
      798);;;12/05/26;(Sellos) Gastos Bancarios Santander;;;2.828,50;;;;3.210.698,73;;;
      801);;;13/05/26;Comisiones Bancarias Frances;;;1.500,00;;;;3.212.198,73;;;
      815);;;27/05/26;Cobros: s/ Rec. Nş200010073 - GEA S.A.;;;9.734,82;;;;3.221.933,55;;;
;;;;;;;3.221.933,55;;0,00;;;;;
;;;;;;;;;;;;;;
04.02.03.12 - HONORARIOS (R);;;;;;;;;;;;;;
Asiento Nş;;;Fecha;Concepto;;;Debe;;Haber;;Saldo;;;
      90);;;12/01/26;Compras: s/F C  Nş -00000137 - MORABITO FEDERICO JAVIER;;;216.500,00;;;;216.500,00;;;
      168);;;26/01/26;Compras: s/F C  Nş -00000069 - LUCAS LEONARDO EIROS;;;5.000.000,00;;;;5.216.500,00;;;
      193);;;31/01/26;Compras: s/F C  Nş -00000093 - YOMHA DANTE;;;5.800.000,00;;;;11.016.500,00;;;
      194);;;31/01/26;Compras: s/F C  Nş -00000170 - YOMHA GALILEO;;;2.500.000,00;;;;13.516.500,00;;;
      195);;;31/01/26;Compras: s/F C  Nş -00000090 - YOMHA FRANCO;;;5.800.000,00;;;;19.316.500,00;;;
      308);;;23/02/26;Compras: s/F C  Nş -00000139 - MORABITO FEDERICO JAVIER;;;216.500,00;;;;19.533.000,00;;;
      338);;;28/02/26;Compras: s/F C  Nş -00000094 - YOMHA DANTE;;;5.800.000,00;;;;25.333.000,00;;;
      339);;;28/02/26;Compras: s/F C  Nş -00000171 - YOMHA GALILEO;;;5.800.000,00;;;;31.133.000,00;;;
      340);;;28/02/26;Compras: s/F C  Nş -00000091 - YOMHA FRANCO;;;5.800.000,00;;;;36.933.000,00;;;
      434);;;12/03/26;Compras: s/F C  Nş -00000142 - MORABITO FEDERICO JAVIER;;;238.200,00;;;;37.171.200,00;;;
      491);;;27/03/26;Compras: s/F C  Nş -00000070 - LUCAS LEONARDO EIROS;;;12.000.000,00;;;;49.171.200,00;;;
      505);;;31/03/26;Compras: s/F C  Nş -00000071 - LUCAS LEONARDO EIROS;;;6.000.000,00;;;;55.171.200,00;;;
      506);;;31/03/26;Compras: s/F C  Nş -00000095 - YOMHA DANTE;;;5.800.000,00;;;;60.971.200,00;;;
      507);;;31/03/26;Compras: s/F C  Nş -00000172 - YOMHA GALILEO;;;5.800.000,00;;;;66.771.200,00;;;
      508);;;31/03/26;Compras: s/F C  Nş -00000092 - YOMHA FRANCO;;;5.800.000,00;;;;72.571.200,00;;;
      586);;;03/04/26;Compras: s/F C  Nş -00000144 - MORABITO FEDERICO JAVIER;;;238.200,00;;;;72.809.400,00;;;
      668);;;27/04/26;Compras: s/F C  Nş -00000072 - LUCAS LEONARDO EIROS;;;6.000.000,00;;;;78.809.400,00;;;
      705);;;30/04/26;Compras: s/F C  Nş -00000096 - YOMHA DANTE;;;5.800.000,00;;;;84.609.400,00;;;
      706);;;30/04/26;Compras: s/F C  Nş -00000175 - YOMHA GALILEO;;;3.300.000,00;;;;87.909.400,00;;;
      707);;;30/04/26;Compras: s/F C  Nş -00000093 - YOMHA FRANCO;;;5.800.000,00;;;;93.709.400,00;;;
      712);;;30/04/26;Compras: s/NC C  Nş -00000002 - YOMHA GALILEO;;;;;3.300.000,00;;90.409.400,00;;;
      713);;;30/04/26;Compras: s/NC C  Nş -00000001 - YOMHA DANTE;;;;;5.800.000,00;;84.609.400,00;;;
      714);;;30/04/26;Compras: s/NC C  Nş -00000001 - YOMHA FRANCO;;;;;5.800.000,00;;78.809.400,00;;;
      772);;;07/05/26;Compras: s/F C  Nş -00000090 - KOUTOUDJIAN NATALIA INES;;;4.000.000,00;;;;82.809.400,00;;;
      773);;;07/05/26;Compras: s/F C  Nş -00000169 - MANTESE JUAN JOSE;;;2.500.000,00;;;;85.309.400,00;;;
      789);;;11/05/26;Compras: s/F C  Nş -00000147 - MORABITO FEDERICO JAVIER;;;238.200,00;;;;85.547.600,00;;;
      790);;;11/05/26;Compras: s/F C  Nş -00000148 - MORABITO FEDERICO JAVIER;;;53.800,00;;;;85.601.400,00;;;
      800);;;12/05/26;Compras: s/F C  Nş -00000073 - LUCAS LEONARDO EIROS;;;6.000.000,00;;;;91.601.400,00;;;
;;;;;;;106.501.400,00;;14.900.000,00;;;;;
;;;;;;;;;;;;;;
04.02.03.13 - HONORARIOS LEGALES (R);;;;;;;;;;;;;;
Asiento Nş;;;Fecha;Concepto;;;Debe;;Haber;;Saldo;;;
      37);;;02/01/26;Compras: s/F A  Nş -00006038 - WNS & ASOCIADOS S.R.L.;;;1.864.700,00;;;;1.864.700,00;;;
      191);;;31/01/26;Compras: s/F A  Nş -00006254 - WNS & ASOCIADOS S.R.L.;;;1.864.700,00;;;;3.729.400,00;;;
      299);;;20/02/26;Honorarios Legales Afip Cuota 1de4;;;144.263,82;;;;3.873.663,82;;;
      336);;;28/02/26;Compras: s/F A  Nş -00006370 - WNS & ASOCIADOS S.R.L.;;;1.864.700,00;;;;5.738.363,82;;;
      500);;;31/03/26;Compras: s/F A  Nş -00006573 - WNS & ASOCIADOS S.R.L.;;;1.974.500,00;;;;7.712.863,82;;;
      620);;;13/04/26;Compras: s/F C  Nş -00000861 - MATTIOLI SAMANTA GABRIELA SOLANGE;;;210.000,00;;;;7.922.863,82;;;
      621);;;13/04/26;Compras: s/F C  Nş -00000862 - MATTIOLI SAMANTA GABRIELA SOLANGE;;;210.000,00;;;;8.132.863,82;;;
      676);;;28/04/26;Compras: s/F A  Nş -00000006 - WNS & ASOCIADOS S.R.L.;;;1.974.500,00;;;;10.107.363,82;;;
;;;;;;;10.107.363,82;;0,00;;;;;
;;;;;;;;;;;;;;
04.02.03.14 - HONORARIOS CONTADOR (R);;;;;;;;;;;;;;
Asiento Nş;;;Fecha;Concepto;;;Debe;;Haber;;Saldo;;;
      186);;;30/01/26;Compras: s/F A  Nş -00000381 - SANDJIAN & ASOCIADOS;;;2.400.000,00;;;;2.400.000,00;;;
      187);;;30/01/26;Compras: s/F A  Nş -00000382 - SANDJIAN & ASOCIADOS;;;770.000,00;;;;3.170.000,00;;;
      333);;;28/02/26;Compras: s/F A  Nş -00000391 - SANDJIAN & ASOCIADOS;;;770.000,00;;;;3.940.000,00;;;
      334);;;28/02/26;Compras: s/F A  Nş -00000392 - SANDJIAN & ASOCIADOS;;;2.400.000,00;;;;6.340.000,00;;;
      509);;;31/03/26;Compras: s/F A  Nş -00000435 - SANDJIAN & ASOCIADOS;;;2.400.000,00;;;;8.740.000,00;;;
      510);;;31/03/26;Compras: s/F A  Nş -00000436 - SANDJIAN & ASOCIADOS;;;770.000,00;;;;9.510.000,00;;;
      762);;;05/05/26;Compras: s/F A  Nş -00000459 - SANDJIAN & ASOCIADOS;;;770.000,00;;;;10.280.000,00;;;
      763);;;05/05/26;Compras: s/F A  Nş -00000460 - SANDJIAN & ASOCIADOS;;;2.400.000,00;;;;12.680.000,00;;;
      767);;;05/05/26;Compras: s/F A  Nş -00000461 - SANDJIAN & ASOCIADOS;;;770.000,00;;;;13.450.000,00;;;
      767);;;05/05/26;Compras: s/F A  Nş -00000461 - SANDJIAN & ASOCIADOS;;;419.900,00;;;;13.869.900,00;;;
;;;;;;;13.869.900,00;;0,00;;;;;
;;;;;;;;;;;;;;
04.02.03.20 - PUBLICIDAD Y MARKETING (R);;;;;;;;;;;;;;
Asiento Nş;;;Fecha;Concepto;;;Debe;;Haber;;Saldo;;;
      35);;;02/01/26;Compras: s/F A  Nş -00001633 - SACCOL EMILIANO;;;453.475,00;;;;453.475,00;;;
      38);;;02/01/26;Compras: s/F A  Nş -00003577 - FUNDACION CONSENSO;;;200.481,00;;;;653.956,00;;;
      81);;;09/01/26;Compras: s/F A  Nş -00001640 - SACCOL EMILIANO;;;150.000,00;;;;803.956,00;;;
      124);;;19/01/26;Compras: s/F A  Nş -00001642 - SACCOL EMILIANO;;;158.500,00;;;;962.456,00;;;
      234);;;02/02/26;Compras: s/F A  Nş -00003593 - FUNDACION CONSENSO;;;200.481,00;;;;1.162.937,00;;;
      252);;;04/02/26;Compras: s/F A  Nş -00001644 - SACCOL EMILIANO;;;453.475,00;;;;1.616.412,00;;;
      367);;;01/03/26;Compras: s/F A  Nş -00001654 - SACCOL EMILIANO;;;453.475,00;;;;2.069.887,00;;;
      378);;;02/03/26;Compras: s/F A  Nş -00003636 - FUNDACION CONSENSO;;;216.519,00;;;;2.286.406,00;;;
      546);;;01/04/26;Compras: s/F A  Nş -00001668 - SACCOL EMILIANO;;;498.800,00;;;;2.785.206,00;;;
      554);;;01/04/26;Compras: s/F A  Nş -00003697 - FUNDACION CONSENSO;;;216.519,00;;;;3.001.725,00;;;
      675);;;28/04/26;Compras: s/F A  Nş -00001676 - SACCOL EMILIANO;;;188.500,00;;;;3.190.225,00;;;
      726);;;02/05/26;Compras: s/F A  Nş -00001678 - SACCOL EMILIANO;;;498.800,00;;;;3.689.025,00;;;
      731);;;04/05/26;Compras: s/F A  Nş -00003752 - FUNDACION CONSENSO;;;216.519,00;;;;3.905.544,00;;;
;;;;;;;3.905.544,00;;0,00;;;;;
;;;;;;;;;;;;;;
04.02.03.21 - SERVICIOS TERCERIZADOS (R);;;;;;;;;;;;;;
Asiento Nş;;;Fecha;Concepto;;;Debe;;Haber;;Saldo;;;
      36);;;02/01/26;Compras: s/F A  Nş -00004455 - ARQUETIPONET S.R.L.;;;225.234,00;;;;225.234,00;;;
      40);;;02/01/26;Compras: s/F C  Nş -00000200 - RODRIGUEZ PILAR;;;1.783.100,00;;;;2.008.334,00;;;
      62);;;04/01/26;Compras: s/F A  Nş -00000470 - DAURAT MERCEDES MARIA;;;5.000.000,00;;;;7.008.334,00;;;
      69);;;06/01/26;Compras: s/F C  Nş -00000120 - MERCEDES FRATTINI;;;1.500.000,00;;;;8.508.334,00;;;
      70);;;06/01/26;Compras: s/F C  Nş -00000121 - MERCEDES FRATTINI;;;882.000,00;;;;9.390.334,00;;;
      98);;;13/01/26;Compras: s/F C  Nş -00000028 - ANDREACCHIO RODOLFO;;;900.000,00;;;;10.290.334,00;;;
      104);;;15/01/26;Compras: s/F C  Nş -00000124 - MERCEDES FRATTINI;;;1.047.986,80;;;;11.338.320,80;;;
      167);;;26/01/26;Compras: s/F A  Nş -00000018 - FABIOLA LANDIN;;;600.000,00;;;;11.938.320,80;;;
      209);;;01/02/26;Compras: s/F A  Nş -00000473 - DAURAT MERCEDES MARIA;;;5.000.000,00;;;;16.938.320,80;;;
      210);;;01/02/26;Compras: s/F A  Nş -00004478 - ARQUETIPONET S.R.L.;;;231.520,00;;;;17.169.840,80;;;
      236);;;02/02/26;Compras: s/F C  Nş -00000041 - MARIA SOLEDAD PASCALE;;;2.500.000,00;;;;19.669.840,80;;;
      237);;;02/02/26;Compras: s/F C  Nş -00000203 - RODRIGUEZ PILAR;;;1.783.100,00;;;;21.452.940,80;;;
      238);;;02/02/26;Compras: s/F C  Nş -00000125 - MERCEDES FRATTINI;;;1.047.986,80;;;;22.500.927,60;;;
      239);;;02/02/26;Compras: s/F C  Nş -00000126 - MERCEDES FRATTINI;;;1.500.000,00;;;;24.000.927,60;;;
      240);;;02/02/26;Compras: s/F C  Nş -00000127 - MERCEDES FRATTINI;;;536.136,76;;;;24.537.064,36;;;
      278);;;15/02/26;Compras: s/F C  Nş -00000029 - ANDREACCHIO RODOLFO;;;900.000,00;;;;25.437.064,36;;;
      307);;;23/02/26;Compras: s/F A  Nş -00004500 - ARQUETIPONET S.R.L.;;;135.000,00;;;;25.572.064,36;;;
      368);;;01/03/26;Compras: s/F A  Nş -00004521 - ARQUETIPONET S.R.L.;;;223.520,00;;;;25.795.584,36;;;
      380);;;02/03/26;Compras: s/F C  Nş -00000042 - MARIA SOLEDAD PASCALE;;;2.500.000,00;;;;28.295.584,36;;;
      393);;;04/03/26;Compras: s/F C  Nş -00000206 - RODRIGUEZ PILAR;;;1.961.410,00;;;;30.256.994,36;;;
      394);;;04/03/26;Compras: s/F C  Nş -00000132 - MERCEDES FRATTINI;;;1.047.986,80;;;;31.304.981,16;;;
      395);;;04/03/26;Compras: s/F C  Nş -00000133 - MERCEDES FRATTINI;;;1.500.000,00;;;;32.804.981,16;;;
      396);;;04/03/26;Compras: s/NC C  Nş -00000005 - ABEL RODRIGUEZ;;;;;1.961.410,00;;30.843.571,16;;;
      397);;;04/03/26;Compras: s/R C  Nş -00000163 - ABEL RODRIGUEZ;;;1.961.410,00;;;;32.804.981,16;;;
      440);;;13/03/26;Compras: s/F C  Nş -00000030 - ANDREACCHIO RODOLFO;;;900.000,00;;;;33.704.981,16;;;
      452);;;17/03/26;Compras: s/F A  Nş -00000019 - FABIOLA LANDIN;;;600.000,00;;;;34.304.981,16;;;
      453);;;17/03/26;Compras: s/F A  Nş -00000020 - FABIOLA LANDIN;;;600.000,00;;;;34.904.981,16;;;
      543);;;01/04/26;Compras: s/F A  Nş -00000494 - DAURAT MERCEDES MARIA;;;5.000.000,00;;;;39.904.981,16;;;
      544);;;01/04/26;Compras: s/F A  Nş -00000495 - DAURAT MERCEDES MARIA;;;5.000.000,00;;;;44.904.981,16;;;
      545);;;01/04/26;Compras: s/F A  Nş -00000496 - DAURAT MERCEDES MARIA;;;5.000.000,00;;;;49.904.981,16;;;
      547);;;01/04/26;Compras: s/F A  Nş -00004564 - ARQUETIPONET S.R.L.;;;221.120,00;;;;50.126.101,16;;;
      555);;;01/04/26;Compras: s/F C  Nş -00000043 - MARIA SOLEDAD PASCALE;;;2.500.000,00;;;;52.626.101,16;;;
      564);;;01/04/26;Compras: s/NC A  Nş -00000052 - DAURAT MERCEDES MARIA;;;;;5.000.000,00;;47.626.101,16;;;
      589);;;06/04/26;Compras: s/F C  Nş -00000138 - MERCEDES FRATTINI;;;1.047.986,80;;;;48.674.087,96;;;
      590);;;06/04/26;Compras: s/F C  Nş -00000139 - MERCEDES FRATTINI;;;1.500.000,00;;;;50.174.087,96;;;
      598);;;07/04/26;Compras: s/F C  Nş -00000209 - RODRIGUEZ PILAR;;;1.961.410,00;;;;52.135.497,96;;;
      624);;;14/04/26;Compras: s/F C  Nş -00000031 - ANDREACCHIO RODOLFO;;;900.000,00;;;;53.035.497,96;;;
      663);;;24/04/26;Compras: s/F C  Nş -00000221 - MAGNALDI DIEGO FERNANDO;;;552.000,00;;;;53.587.497,96;;;
      664);;;24/04/26;Pagos: s/ O.Pago Nş6211 - MAGNALDI DIEGO FERNANDO;;;552.000,00;;;;54.139.497,96;;;
      665);;;24/04/26;Pagos: s/ O.Pago Nş6212 - SANTA FE COMERCIAL SOCIEDAD DE RESPONSAB;;;567.064,83;;;;54.706.562,79;;;
      666);;;24/04/26;Compras: s/F A  Nş -00092411 - SANTA FE COMERCIAL SOCIEDAD DE RESPONSAB;;;485.044,12;;;;55.191.606,91;;;
      666);;;24/04/26;Compras: s/F A  Nş -00092411 - SANTA FE COMERCIAL SOCIEDAD DE RESPONSAB;;;146.880,00;;;;55.338.486,91;;;
      667);;;24/04/26;Compras: s/F A  Nş -00092415 - SANTA FE COMERCIAL SOCIEDAD DE RESPONSAB;;;347.260,19;;;;55.685.747,10;;;
      667);;;24/04/26;Compras: s/F A  Nş -00092415 - SANTA FE COMERCIAL SOCIEDAD DE RESPONSAB;;;146.880,00;;;;55.832.627,10;;;
      670);;;28/04/26;Pagos: s/ O.Pago Nş6213 - ANDREACCHIO RODOLFO;;;900.000,00;;;;56.732.627,10;;;
      686);;;29/04/26;Compras: s/F C  Nş -00000140 - MERCEDES FRATTINI;;;1.500.000,00;;;;58.232.627,10;;;
      687);;;29/04/26;Compras: s/F C  Nş -00000141 - MERCEDES FRATTINI;;;1.047.986,80;;;;59.280.613,90;;;
      688);;;29/04/26;Compras: s/NC A  Nş -00001335 - SANTA FE COMERCIAL SOCIEDAD DE RESPONSAB;;;;;485.044,12;;58.795.569,78;;;
      688);;;29/04/26;Compras: s/NC A  Nş -00001335 - SANTA FE COMERCIAL SOCIEDAD DE RESPONSAB;;;;;146.880,00;;58.648.689,78;;;
      704);;;30/04/26;Compras: s/F A  Nş -00051203 - SANTA FE COMERCIAL SOCIEDAD DE RESPONSAB;;;106.312,00;;;;58.755.001,78;;;
      720);;;01/05/26;Compras: s/F A  Nş -00004609 - ARQUETIPONET S.R.L.;;;222.560,00;;;;58.977.561,78;;;
      725);;;01/05/26;Compras: s/F A  Nş -00000503 - DAURAT MERCEDES MARIA;;;5.000.000,00;;;;63.977.561,78;;;
      733);;;04/05/26;Compras: s/F C  Nş -00000044 - MARIA SOLEDAD PASCALE;;;2.500.000,00;;;;66.477.561,78;;;
      764);;;05/05/26;Compras: s/F C  Nş -00000755 - ROSETTI OMAR JORGE OCTAVIO;;;15.000,00;;;;66.492.561,78;;;
      770);;;06/05/26;Compras: s/F C  Nş -00000212 - RODRIGUEZ PILAR;;;1.961.410,00;;;;68.453.971,78;;;
      784);;;08/05/26;Compras: s/F C  Nş -00000062 - CAU ANALIA CLAUDIA;;;1.650.000,00;;;;70.103.971,78;;;
      787);;;11/05/26;Compras: s/F A  Nş -00000021 - FABIOLA LANDIN;;;600.000,00;;;;70.703.971,78;;;
      788);;;11/05/26;Compras: s/F A  Nş -00004624 - ARQUETIPONET S.R.L.;;;141.442,28;;;;70.845.414,06;;;
      802);;;13/05/26;Compras: s/F C  Nş -00000032 - ANDREACCHIO RODOLFO;;;900.000,00;;;;71.745.414,06;;;
;;;;;;;79.338.748,18;;7.593.334,12;;;;;
;;;;;;;;;;;;;;
04.02.03.22 - LICENCIAS DE SOFTWARE (R);;;;;;;;;;;;;;
Asiento Nş;;;Fecha;Concepto;;;Debe;;Haber;;Saldo;;;
      2);;;01/01/26;Compras: s/F A  Nş -00002341 - CESAR AUGUSTO ARCARO MALITO;;;794.012,70;;;;794.012,70;;;
      3);;;01/01/26;Compras: s/F A  Nş -00002342 - CESAR AUGUSTO ARCARO MALITO;;;400.000,00;;;;1.194.012,70;;;
      4);;;01/01/26;Compras: s/F A  Nş -00002343 - CESAR AUGUSTO ARCARO MALITO;;;957.487,49;;;;2.151.500,19;;;
      5);;;01/01/26;Compras: s/F A  Nş -00002344 - CESAR AUGUSTO ARCARO MALITO;;;2.058.075,91;;;;4.209.576,10;;;
      6);;;01/01/26;Compras: s/F C  Nş -00001173 - LUCIANO ORSI;;;502.125,00;;;;4.711.701,10;;;
      7);;;01/01/26;Compras: s/F C  Nş -00001174 - LUCIANO ORSI;;;595.432,00;;;;5.307.133,10;;;
      8);;;01/01/26;Compras: s/F C  Nş -00001175 - LUCIANO ORSI;;;916.933,00;;;;6.224.066,10;;;
      9);;;01/01/26;Compras: s/F C  Nş -00001176 - LUCIANO ORSI;;;502.123,00;;;;6.726.189,10;;;
      211);;;01/02/26;Compras: s/F A  Nş -00002370 - CESAR AUGUSTO ARCARO MALITO;;;794.012,70;;;;7.520.201,80;;;
      212);;;01/02/26;Compras: s/F A  Nş -00002371 - CESAR AUGUSTO ARCARO MALITO;;;400.000,00;;;;7.920.201,80;;;
      213);;;01/02/26;Compras: s/F A  Nş -00002372 - CESAR AUGUSTO ARCARO MALITO;;;957.487,49;;;;8.877.689,29;;;
      214);;;01/02/26;Compras: s/F A  Nş -00002373 - CESAR AUGUSTO ARCARO MALITO;;;2.058.075,91;;;;10.935.765,20;;;
      215);;;01/02/26;Compras: s/F C  Nş -00001206 - LUCIANO ORSI;;;502.125,00;;;;11.437.890,20;;;
      216);;;01/02/26;Compras: s/F C  Nş -00001207 - LUCIANO ORSI;;;595.432,00;;;;12.033.322,20;;;
      217);;;01/02/26;Compras: s/F C  Nş -00001208 - LUCIANO ORSI;;;916.933,00;;;;12.950.255,20;;;
      218);;;01/02/26;Compras: s/F C  Nş -00001209 - LUCIANO ORSI;;;502.123,00;;;;13.452.378,20;;;
      369);;;01/03/26;Compras: s/F A  Nş -00002399 - CESAR AUGUSTO ARCARO MALITO;;;794.012,70;;;;14.246.390,90;;;
      370);;;01/03/26;Compras: s/F A  Nş -00002400 - CESAR AUGUSTO ARCARO MALITO;;;400.000,00;;;;14.646.390,90;;;
      371);;;01/03/26;Compras: s/F A  Nş -00002401 - CESAR AUGUSTO ARCARO MALITO;;;957.487,49;;;;15.603.878,39;;;
      372);;;01/03/26;Compras: s/F A  Nş -00002402 - CESAR AUGUSTO ARCARO MALITO;;;2.058.075,91;;;;17.661.954,30;;;
      373);;;01/03/26;Compras: s/F C  Nş -00001231 - LUCIANO ORSI;;;502.125,00;;;;18.164.079,30;;;
      374);;;01/03/26;Compras: s/F C  Nş -00001232 - LUCIANO ORSI;;;595.432,00;;;;18.759.511,30;;;
      375);;;01/03/26;Compras: s/F C  Nş -00001233 - LUCIANO ORSI;;;916.933,00;;;;19.676.444,30;;;
      376);;;01/03/26;Compras: s/F C  Nş -00001234 - LUCIANO ORSI;;;502.123,00;;;;20.178.567,30;;;
      422);;;10/03/26;Compras: s/F A  Nş -00002409 - CESAR AUGUSTO ARCARO MALITO;;;502.123,00;;;;20.680.690,30;;;
      423);;;10/03/26;Compras: s/F C  Nş -00001256 - LUCIANO ORSI;;;794.013,00;;;;21.474.703,30;;;
      424);;;10/03/26;Compras: s/NC A  Nş -00000084 - CESAR AUGUSTO ARCARO MALITO;;;;;794.012,71;;20.680.690,59;;;
      425);;;10/03/26;Compras: s/NC C  Nş -00000080 - LUCIANO ORSI;;;;;502.123,00;;20.178.567,59;;;
      548);;;01/04/26;Compras: s/F A  Nş -00002436 - CESAR AUGUSTO ARCARO MALITO;;;400.000,00;;;;20.578.567,59;;;
      549);;;01/04/26;Compras: s/F A  Nş -00002437 - CESAR AUGUSTO ARCARO MALITO;;;957.487,49;;;;21.536.055,08;;;
      550);;;01/04/26;Compras: s/F A  Nş -00002438 - CESAR AUGUSTO ARCARO MALITO;;;502.123,00;;;;22.038.178,08;;;
      551);;;01/04/26;Compras: s/F A  Nş -00002439 - CESAR AUGUSTO ARCARO MALITO;;;1.115.472,92;;;;23.153.651,00;;;
      552);;;01/04/26;Compras: s/F A  Nş -00002440 - CESAR AUGUSTO ARCARO MALITO;;;584.973,30;;;;23.738.624,30;;;
      553);;;01/04/26;Compras: s/F A  Nş -00002441 - CESAR AUGUSTO ARCARO MALITO;;;2.315.524,45;;;;26.054.148,75;;;
      556);;;01/04/26;Compras: s/F C  Nş -00001257 - LUCIANO ORSI;;;502.125,00;;;;26.556.273,75;;;
      557);;;01/04/26;Compras: s/F C  Nş -00001258 - LUCIANO ORSI;;;595.432,00;;;;27.151.705,75;;;
      558);;;01/04/26;Compras: s/F C  Nş -00001259 - LUCIANO ORSI;;;916.933,00;;;;28.068.638,75;;;
      559);;;01/04/26;Compras: s/F C  Nş -00001260 - LUCIANO ORSI;;;794.013,00;;;;28.862.651,75;;;
      560);;;01/04/26;Compras: s/F C  Nş -00001261 - LUCIANO ORSI;;;584.975,00;;;;29.447.626,75;;;
      561);;;01/04/26;Compras: s/F C  Nş -00001262 - LUCIANO ORSI;;;693.678,00;;;;30.141.304,75;;;
      562);;;01/04/26;Compras: s/F C  Nş -00001263 - LUCIANO ORSI;;;1.068.226,00;;;;31.209.530,75;;;
      563);;;01/04/26;Compras: s/F C  Nş -00001264 - LUCIANO ORSI;;;925.025,00;;;;32.134.555,75;;;
      565);;;01/04/26;Compras: s/NC A  Nş -00000086 - CESAR AUGUSTO ARCARO MALITO;;;;;957.487,49;;31.177.068,26;;;
      566);;;01/04/26;Compras: s/NC A  Nş -00000087 - CESAR AUGUSTO ARCARO MALITO;;;;;502.123,00;;30.674.945,26;;;
      567);;;01/04/26;Compras: s/NC C  Nş -00000085 - LUCIANO ORSI;;;;;502.125,00;;30.172.820,26;;;
      568);;;01/04/26;Compras: s/NC C  Nş -00000086 - LUCIANO ORSI;;;;;595.432,00;;29.577.388,26;;;
      569);;;01/04/26;Compras: s/NC C  Nş -00000087 - LUCIANO ORSI;;;;;916.933,00;;28.660.455,26;;;
      570);;;01/04/26;Compras: s/NC C  Nş -00000088 - LUCIANO ORSI;;;;;794.013,00;;27.866.442,26;;;
      721);;;01/05/26;Compras: s/F C  Nş -00001288 - LUCIANO ORSI;;;584.975,00;;;;28.451.417,26;;;
      722);;;01/05/26;Compras: s/F C  Nş -00001289 - LUCIANO ORSI;;;693.678,00;;;;29.145.095,26;;;
      723);;;01/05/26;Compras: s/F C  Nş -00001290 - LUCIANO ORSI;;;1.068.226,00;;;;30.213.321,26;;;
      724);;;01/05/26;Compras: s/F C  Nş -00001291 - LUCIANO ORSI;;;925.025,00;;;;31.138.346,26;;;
      727);;;03/05/26;Compras: s/F A  Nş -00002471 - CESAR AUGUSTO ARCARO MALITO;;;400.000,00;;;;31.538.346,26;;;
      728);;;03/05/26;Compras: s/F A  Nş -00002472 - CESAR AUGUSTO ARCARO MALITO;;;1.115.472,92;;;;32.653.819,18;;;
      729);;;03/05/26;Compras: s/F A  Nş -00002473 - CESAR AUGUSTO ARCARO MALITO;;;584.973,30;;;;33.238.792,48;;;
      730);;;03/05/26;Compras: s/F A  Nş -00002474 - CESAR AUGUSTO ARCARO MALITO;;;2.323.354,45;;;;35.562.146,93;;;
;;;;;;;41.126.396,13;;5.564.249,20;;;;;
;;;;;;;;;;;;;;
04.02.03.23 - GASTOS DE CONCURSO PREVENTIVO (R);;;;;;;;;;;;;;
Asiento Nş;;;Fecha;Concepto;;;Debe;;Haber;;Saldo;;;
      797);;;12/05/26;Cierre de Cuenta Galicia-Decision Comercial Galicia;;;59.000,00;;;;59.000,00;;;
;;;;;;;59.000,00;;0,00;;;;;
;;;;;;;;;;;;;;
04.02.04.01 - INTERESES RESARCITORIOS (R);;;;;;;;;;;;;;
Asiento Nş;;;Fecha;Concepto;;;Debe;;Haber;;Saldo;;;
      82);;;09/01/26;Pago Obra Social-SCVO 2025-11;;;54.384,20;;;;54.384,20;;;
      155);;;22/01/26;Devengamiento PFP V612731;;;53.269,56;;;;107.653,76;;;
      155);;;22/01/26;Devengamiento PFP V612731;;;123.594,62;;;;231.248,38;;;
      258);;;06/02/26;Pago Obra Social-SCVO 2025-12;;;61.080,32;;;;292.328,70;;;
      300);;;20/02/26;Devengamiento PFP V725256;;;19.598,95;;;;311.927,65;;;
      300);;;20/02/26;Devengamiento PFP V725256;;;70.901,77;;;;382.829,42;;;
      301);;;20/02/26;Devengamiento PFP V725445;;;2.873.295,51;;;;3.256.124,93;;;
      301);;;20/02/26;Devengamiento PFP V725445;;;2.467.502,36;;;;5.723.627,29;;;
      611);;;09/04/26;Pago Obra Social-SCVO 2026-02;;;70.724,59;;;;5.794.351,88;;;
      612);;;09/04/26;Pago Obra Social-SCVO 2026-01;;;132.929,84;;;;5.927.281,72;;;
      616);;;09/04/26;Devengamiento PFP V933604;;;270.154,30;;;;6.197.436,02;;;
      616);;;09/04/26;Devengamiento PFP V933604;;;196.999,49;;;;6.394.435,51;;;
      683);;;28/04/26;Pago ART Dic2025 y Mar2026;;;95.642,54;;;;6.490.078,05;;;
      684);;;28/04/26;Pago Obra Social-SCVO 2026-03;;;28.061,23;;;;6.518.139,28;;;
;;;;;;;6.518.139,28;;0,00;;;;;
;;;;;;;;;;;;;;
04.02.04.02 - INTERESES IMPOSITIVOS (R);;;;;;;;;;;;;;
Asiento Nş;;;Fecha;Concepto;;;Debe;;Haber;;Saldo;;;
      94);;;12/01/26;V066516 - Cuota 2.071.918,23 (Pago Cuota 1);;;797.928,03;;;;797.928,03;;;
      95);;;12/01/26;V113915 - Cuota 3.733.998,24 (Pago Cuota 1);;;1.026.265,69;;;;1.824.193,72;;;
      113);;;16/01/26;V293237 - Pago Cuota 2;;;466.604,27;;;;2.290.797,99;;;
      114);;;16/01/26;V114140 PAgo Cuota 4;;;51.873,36;;;;2.342.671,35;;;
      115);;;16/01/26;V293428 - Pago Cuota 2;;;5.821,39;;;;2.348.492,74;;;
      271);;;11/02/26;V113915 - Cuota 3.733.998,24 (Pago Cuota 2);;;940.191,09;;;;3.288.683,83;;;
      279);;;16/02/26;V293237 - Pago Cuota 3;;;429.702,27;;;;3.718.386,10;;;
      280);;;16/02/26;V114140 Pago Cuota 5;;;46.418,33;;;;3.764.804,43;;;
      281);;;16/02/26;V293428 - Pago Cuota 3;;;2.930,50;;;;3.767.734,93;;;
      282);;;16/02/26;V429557 -Pago Cuota 2;;;970.348,73;;;;4.738.083,66;;;
;;;;;;;4.738.083,66;;0,00;;;;;
;;;;;;;;;;;;;;
04.02.04.04 - INTERESES FINANCIEROS (R);;;;;;;;;;;;;;
Asiento Nş;;;Fecha;Concepto;;;Debe;;Haber;;Saldo;;;
      45);;;02/01/26;Compras: s/OC  Nş -00215625 - BANCO DE LA CIUDAD DE BUENOS AIRES;;;182.334,04;;;;182.334,04;;;
      46);;;02/01/26;Compras: s/OC  Nş -04001678 - BANCO DE LA CIUDAD DE BUENOS AIRES;;;320.966,00;;;;503.300,04;;;
      47);;;02/01/26;Compras: s/OC  Nş -04001809 - BANCO DE LA CIUDAD DE BUENOS AIRES;;;666.254,76;;;;1.169.554,80;;;
      48);;;02/01/26;Compras: s/OC  Nş -04001923 - BANCO DE LA CIUDAD DE BUENOS AIRES;;;930.177,30;;;;2.099.732,10;;;
      49);;;02/01/26;Compras: s/OC  Nş -13318108 - BANCO BBVA ARGENTINA;;;1.933.987,99;;;;4.033.720,09;;;
      50);;;02/01/26;Compras: s/OC  Nş -13318109 - BANCO BBVA ARGENTINA;;;2.022.917,70;;;;6.056.637,79;;;
      51);;;02/01/26;Compras: s/OC  Nş -13318110 - BANCO BBVA ARGENTINA;;;1.985.487,08;;;;8.042.124,87;;;
      52);;;02/01/26;Compras: s/OC  Nş -13318111 - BANCO BBVA ARGENTINA;;;1.865.438,89;;;;9.907.563,76;;;
      57);;;02/01/26;Reversion Gastos Bancarios;;;;;5.942.392,77;;3.965.170,99;;;
      60);;;02/01/26;Reversion Gastos Bancarios;;;;;2.638.983,65;;1.326.187,34;;;
      64);;;05/01/26;Compras: s/OC  Nş -72110420 - BANCO SANTANDER RIO SA;;;144.973,69;;;;1.471.161,03;;;
      67);;;05/01/26;(Visa) Tarjeta de Credito Visa;;;2.736.654,35;;;;4.207.815,38;;;
      116);;;16/01/26;Compras: s/OC  Nş -00220301 - BANCO DE LA CIUDAD DE BUENOS AIRES;;;596.687,38;;;;4.804.502,76;;;
      130);;;19/01/26;Compras: s/OC  Nş -04002057 - BANCO DE LA CIUDAD DE BUENOS AIRES;;;65.327,47;;;;4.869.830,23;;;
      144);;;20/01/26;Pago Prestamo Macro-Cuota 9;;;204.829,70;;;;5.074.659,93;;;
      144);;;20/01/26;Pago Prestamo Macro-Cuota 9;;;4.096,59;;;;5.078.756,52;;;
      157);;;22/01/26;Pago Prestamo Brubank;;;223.520,81;;;;5.302.277,33;;;
      192);;;31/01/26;(Int.Descubierto) Gastos y Comisiones Bancarias-Santander;;;993.898,73;;;;6.296.176,06;;;
      199);;;31/01/26;(Int.Descubierto) Gastos y Comisiones Bancarias-Banco Ciudad;;;2.062,99;;;;6.298.239,05;;;
      200);;;31/01/26;Compras: s/OC  Nş -31012026 - BANCO MACRO CTA CTE;;;1.915,57;;;;6.300.154,62;;;
      230);;;01/02/26;Compras: s/OC  Nş -73031720 - BANCO SANTANDER RIO SA;;;349.903,86;;;;6.650.058,48;;;
      231);;;01/02/26;Compras: s/OC  Nş -82817110 - BANCO SANTANDER RIO SA;;;370.074,72;;;;7.020.133,20;;;
      232);;;01/02/26;Compras: s/OC  Nş -08660637 - BANCO SANTANDER RIO SA;;;230.261,41;;;;7.250.394,61;;;
      233);;;01/02/26;Compras: s/OC  Nş -08976493 - BANCO SANTANDER RIO SA;;;1.045.898,48;;;;8.296.293,09;;;
      243);;;02/02/26;(Visa) Tarjeta de Credito Visa;;;2.112.453,37;;;;10.408.746,46;;;
      245);;;03/02/26;Compras: s/OC  Nş -72110421 - BANCO SANTANDER RIO SA;;;116.432,29;;;;10.525.178,75;;;
      259);;;06/02/26;Compras: s/OC  Nş -08976494 - BANCO SANTANDER RIO SA;;;1.015.136,76;;;;11.540.315,51;;;
      265);;;09/02/26;Compras: s/OC  Nş -86606308 - BANCO SANTANDER RIO SA;;;195.401,03;;;;11.735.716,54;;;
      272);;;11/02/26;V293428 - Cuota 216.835,52 (Pago Cuota 1);;;11.130,89;;;;11.746.847,43;;;
      273);;;11/02/26;V066516 - Cuota 2.071.918,23 (Pago Cuota 3);;;655.628,32;;;;12.402.475,75;;;
      291);;;18/02/26;Compras: s/OC  Nş -82817111 - BANCO SANTANDER RIO SA;;;353.038,03;;;;12.755.513,78;;;
      304);;;22/02/26;Pago Prestamo Brubank;;;223.520,81;;;;12.979.034,59;;;
      329);;;25/02/26;Pago Prestamo Macro-Cuota 10;;;156.218,53;;;;13.135.253,12;;;
      329);;;25/02/26;Pago Prestamo Macro-Cuota 10;;;3.426,07;;;;13.138.679,19;;;
      341);;;28/02/26;(Int.Descubierto) Gastos y Comisiones Bancarias-Santander;;;675.316,81;;;;13.813.996,00;;;
      345);;;28/02/26;(Int.Descubierto) Gastos y Comisiones Bancarias-Banco Ciudad;;;1.291,51;;;;13.815.287,51;;;
      351);;;28/02/26;Compras: s/OC  Nş -00202602 - BANCO MACRO CTA CTE;;;578,36;;;;13.815.865,87;;;
      382);;;02/03/26;Compras: s/OC  Nş -0003910073031702 - BANCO SANTANDER RIO SA;;;288.636,42;;;;14.104.502,29;;;
      385);;;02/03/26;(Visa) Tarjeta de Credito Visa;;;1.730.638,43;;;;15.835.140,72;;;
      386);;;03/03/26;Compras: s/OC  Nş -0003910072110402 - BANCO SANTANDER RIO SA;;;88.774,26;;;;15.923.914,98;;;
      408);;;06/03/26;Compras: s/OC  Nş -0003910089764903 - BANCO SANTANDER RIO SA;;;889.112,94;;;;16.813.027,92;;;
      418);;;09/03/26;Compras: s/OC  Nş -0003910086606303 - BANCO SANTANDER RIO SA;;;159.204,34;;;;16.972.232,26;;;
      444);;;14/03/26;Compras: s/OC  Nş -0003910082817103 - BANCO SANTANDER RIO SA;;;331.148,55;;;;17.303.380,81;;;
      465);;;19/03/26;Pago Prestamo Brubank;;;223.520,81;;;;17.526.901,62;;;
      466);;;20/03/26;(Int.Descubierto) Gastos y Comisiones Bancarias-Santander;;;718.062,46;;;;18.244.964,08;;;
      484);;;25/03/26;Pago Prestamo Macro-Cuota 11;;;105.916,09;;;;18.350.880,17;;;
      484);;;25/03/26;Pago Prestamo Macro-Cuota 11;;;2.118,32;;;;18.352.998,49;;;
      493);;;30/03/26;Compras: s/OC  Nş -0003910072110403 - BANCO SANTANDER RIO SA;;;53.412,28;;;;18.406.410,77;;;
      494);;;30/03/26;Compras: s/OC  Nş -0003910073031703 - BANCO SANTANDER RIO SA;;;220.932,42;;;;18.627.343,19;;;
      501);;;31/03/26;(Int.Descubierto) Gastos y Comisiones Bancarias-Santander;;;113.355,03;;;;18.740.698,22;;;
      515);;;31/03/26;(Int.Descubierto) Gastos y Comisiones Bancarias-Banco Ciudad;;;670,08;;;;18.741.368,30;;;
      517);;;31/03/26;Compras: s/OC  Nş -00202603 - BANCO MACRO CTA CTE;;;619,96;;;;18.741.988,26;;;
      574);;;01/04/26;Compras: s/OC  Nş -0000001331810112 - BANCO BBVA ARGENTINA;;;1.821.771,00;;;;20.563.759,26;;;
      575);;;01/04/26;Compras: s/OC  Nş -0000001331810113 - BANCO BBVA ARGENTINA;;;1.825.354,89;;;;22.389.114,15;;;
      576);;;01/04/26;Compras: s/OC  Nş -00202601 - BANCO BBVA ARGENTINA;;;2.972,28;;;;22.392.086,43;;;
      577);;;01/04/26;Compras: s/OC  Nş -00202602 - BANCO BBVA ARGENTINA;;;807,73;;;;22.392.894,16;;;
      579);;;01/04/26;Compras: s/OC  Nş -00202603 - BANCO GALICIA;;;894,62;;;;22.393.788,78;;;
      580);;;01/04/26;Compras: s/OC  Nş -00202602 - BANCO GALICIA;;;2.717,07;;;;22.396.505,85;;;
      581);;;01/04/26;Compras: s/OC  Nş -00202601 - BANCO GALICIA;;;2.655,56;;;;22.399.161,41;;;
      582);;;01/04/26;Compras: s/OC  Nş -20260219 - BANCO DE LA CIUDAD DE BUENOS AIRES;;;466.193,30;;;;22.865.354,71;;;
      583);;;01/04/26;Compras: s/OC  Nş -20260320 - BANCO DE LA CIUDAD DE BUENOS AIRES;;;505.650,50;;;;23.371.005,21;;;
      584);;;01/04/26;Compras: s/OC  Nş -20260321 - BANCO DE LA CIUDAD DE BUENOS AIRES;;;381.005,90;;;;23.752.011,11;;;
      592);;;06/04/26;Compras: s/OC  Nş -0003910089764906 - BANCO SANTANDER RIO SA;;;953.613,32;;;;24.705.624,43;;;
      596);;;06/04/26;(Visa) Tarjeta de Credito Visa;;;2.039.472,91;;;;26.745.097,34;;;
      602);;;08/04/26;Compras: s/OC  Nş -0000133181011214 - BANCO BBVA ARGENTINA;;;1.818.406,15;;;;28.563.503,49;;;
      609);;;09/04/26;Compras: s/OC  Nş -0003910086606310 - BANCO SANTANDER RIO SA;;;121.620,11;;;;28.685.123,60;;;
      626);;;14/04/26;Compras: s/OC  Nş -0003910082817113 - BANCO SANTANDER RIO SA;;;308.573,07;;;;28.993.696,67;;;
      638);;;17/04/26;Pago Prestamo Brubank;;;223.520,81;;;;29.217.217,48;;;
      642);;;18/04/26;Intereses Negativos a Devengar PFP Afip;;;;;18.169.532,05;;11.047.685,43;;;
      681);;;28/04/26;Compras: s/OC  Nş -0003910073031723 - BANCO SANTANDER RIO SA;;;146.366,29;;;;11.194.051,72;;;
      694);;;30/04/26;Compras: s/OC  Nş -00202604 - BANCO GALICIA;;;1.155,97;;;;11.195.207,69;;;
      696);;;30/04/26;(Int.Descubierto) Gastos y Comisiones Bancarias-Banco Ciudad;;;732,99;;;;11.195.940,68;;;
      698);;;30/04/26;Compras: s/OC  Nş -00202604 - BANCO MACRO CTA CTE;;;107,12;;;;11.196.047,80;;;
      700);;;30/04/26;Compras: s/OC  Nş -00202604 - BANCO SANTANDER RIO SA;;;602.902,40;;;;11.798.950,20;;;
      735);;;04/05/26;Movimientos Banco Ciudad;;;1.336,99;;;;11.800.287,19;;;
      736);;;04/05/26;Movimientos Banco Macro;;;540,05;;;;11.800.827,24;;;
      739);;;04/05/26;(Visa) Tarjeta de Credito Visa;;;1.125.199,91;;;;12.926.027,15;;;
;;;;;;;39.676.935,62;;26.750.908,47;;;;;
;;;;;;;;;;;;;;
;;;;;;;;;;;;;;
